% This file was created with JabRef 2.9.2.
% Encoding: ISO8859_1

@ELECTRONIC{bouncer_url1,
  author = {Tommy Armendariz},
  title = {Google Play - Virus and Computer Safety Concerns},
  url = {http://antivirus.about.com/od/wirelessthreats/a/Is-Google-Play-Safe.htm},
  owner = {dan},
  timestamp = {2014.08.09}
}

@INPROCEEDINGS{Au:2012:PAA:2382196.2382222,
  author = {Au, Kathy Wain Yee and Zhou, Yi Fan and Huang, Zhen and Lie, David},
  title = {PScout: Analyzing the Android Permission Specification},
  booktitle = {Proceedings of the 2012 ACM Conference on Computer and Communications
	Security},
  year = {2012},
  series = {CCS '12},
  pages = {217--228},
  address = {New York, NY, USA},
  publisher = {ACM},
  acmid = {2382222},
  doi = {10.1145/2382196.2382222},
  isbn = {978-1-4503-1651-4},
  keywords = {android, permissions, smartphone},
  location = {Raleigh, North Carolina, USA},
  numpages = {12},
  url = {http://doi.acm.org/10.1145/2382196.2382222}
}

@INPROCEEDINGS{Aversano:2007:CME:1251979.1252776,
  author = {Aversano, Lerina and Cerulo, Luigi and Di Penta, Massimiliano},
  title = {How Clones Are Maintained: An Empirical Study},
  booktitle = {Proceedings of the 11th European Conference on Software Maintenance
	and Reengineering},
  year = {2007},
  series = {CSMR '07},
  pages = {81--90},
  address = {Washington, DC, USA},
  publisher = {IEEE Computer Society},
  acmid = {1252776},
  doi = {10.1109/CSMR.2007.26},
  isbn = {0-7695-2802-3},
  numpages = {10},
  url = {http://dx.doi.org/10.1109/CSMR.2007.26}
}

@INPROCEEDINGS{Barrera:2010:MEA:1866307.1866317,
  author = {Barrera, David and Kayacik, H. G\"{u}ne\c{s} and van Oorschot, Paul
	C. and Somayaji, Anil},
  title = {A Methodology for Empirical Analysis of Permission-based Security
	Models and Its Application to Android},
  booktitle = {Proceedings of the 17th ACM Conference on Computer and Communications
	Security},
  year = {2010},
  series = {CCS '10},
  pages = {73--84},
  address = {New York, NY, USA},
  publisher = {ACM},
  acmid = {1866317},
  doi = {10.1145/1866307.1866317},
  isbn = {978-1-4503-0245-6},
  keywords = {access control, permission-based security, self-organizing maps, smartphone
	operating systems, visualization},
  location = {Chicago, Illinois, USA},
  numpages = {12},
  url = {http://doi.acm.org/10.1145/1866307.1866317}
}

@INPROCEEDINGS{Bartel:2012:ASP:2351676.2351722,
  author = {Bartel, Alexandre and Klein, Jacques and Le Traon, Yves and Monperrus,
	Martin},
  title = {Automatically Securing Permission-based Software by Reducing the
	Attack Surface: An Application to Android},
  booktitle = {Proceedings of the 27th IEEE/ACM International Conference on Automated
	Software Engineering},
  year = {2012},
  series = {ASE 2012},
  pages = {274--277},
  address = {New York, NY, USA},
  publisher = {ACM},
  acmid = {2351722},
  doi = {10.1145/2351676.2351722},
  isbn = {978-1-4503-1204-2},
  keywords = {Android, Permissions, Soot, call-graph, permission-based software,
	security, static analysis},
  location = {Essen, Germany},
  numpages = {4},
  url = {http://doi.acm.org/10.1145/2351676.2351722}
}

@INPROCEEDINGS{Chin:2012:MUC:2335356.2335358,
  author = {Chin, Erika and Felt, Adrienne Porter and Sekar, Vyas and Wagner,
	David},
  title = {Measuring User Confidence in Smartphone Security and Privacy},
  booktitle = {Proceedings of the Eighth Symposium on Usable Privacy and Security},
  year = {2012},
  series = {SOUPS '12},
  pages = {1:1--1:16},
  address = {New York, NY, USA},
  publisher = {ACM},
  acmid = {2335358},
  articleno = {1},
  doi = {10.1145/2335356.2335358},
  isbn = {978-1-4503-1532-6},
  keywords = {application installation, laptop usage, mobile phone usage, smartphones},
  location = {Washington, D.C.},
  numpages = {16},
  url = {http://doi.acm.org.ezproxy.rit.edu/10.1145/2335356.2335358}
}

@INPROCEEDINGS{Cordy:2011:NCD:2057176.2057234,
  author = {Cordy, James R. and Roy, Chanchal K.},
  title = {The NiCad Clone Detector},
  booktitle = {Proceedings of the 2011 IEEE 19th International Conference on Program
	Comprehension},
  year = {2011},
  series = {ICPC '11},
  pages = {219--220},
  address = {Washington, DC, USA},
  publisher = {IEEE Computer Society},
  acmid = {2057234},
  doi = {10.1109/ICPC.2011.26},
  isbn = {978-0-7695-4398-7},
  keywords = {tools, clone detection, NiCad, plugin architecture},
  numpages = {2},
  url = {http://dx.doi.org/10.1109/ICPC.2011.26}
}

@INPROCEEDINGS{Davi:2010:PEA:1949317.1949356,
  author = {Davi, Lucas and Dmitrienko, Alexandra and Sadeghi, Ahmad-Reza and
	Winandy, Marcel},
  title = {Privilege Escalation Attacks on Android},
  booktitle = {Proceedings of the 13th International Conference on Information Security},
  year = {2011},
  series = {ISC'10},
  pages = {346--360},
  address = {Berlin, Heidelberg},
  publisher = {Springer-Verlag},
  acmid = {1949356},
  isbn = {978-3-642-18177-1},
  location = {Boca Raton, FL, USA},
  numpages = {15},
  url = {http://dl.acm.org/citation.cfm?id=1949317.1949356}
}

@ELECTRONIC{androguard_url,
  author = {Anthony Desnos},
  title = {Androguard},
  url = {https://code.google.com/p/androguard/},
  owner = {dkrutz},
  timestamp = {2014.05.14}
}

@INPROCEEDINGS{6296014,
  author = {Egners, A. and Meyer, U. and Marschollek, B.},
  title = {Messing with Android's Permission Model},
  booktitle = {Trust, Security and Privacy in Computing and Communications (TrustCom),
	2012 IEEE 11th International Conference on},
  year = {2012},
  pages = {505-514},
  doi = {10.1109/TrustCom.2012.203},
  keywords = {operating systems (computers);security of data;smart phones;Android
	permission model;Google Android platform;alterability;attack selection;dialog
	box;missing granularity;nonsuspicious permissions;smartphone operating
	systems;third party applications;Androids;Humanoid robots;Internet;Libraries;Operating
	systems;Security;Smart phones;Android;Attack;Permission;Smartphone}
}

@ELECTRONIC{apkparser_link,
  author = {Joakim Erdfelt},
  month = {June},
  year = {2014},
  title = {APK Parser},
  url = {https://github.com/joakime/android-apk-parser},
  owner = {dkrutz},
  timestamp = {2014.06.06}
}

@INPROCEEDINGS{Felt:2011:APD:2046707.2046779,
  author = {Felt, Adrienne Porter and Chin, Erika and Hanna, Steve and Song,
	Dawn and Wagner, David},
  title = {Android Permissions Demystified},
  booktitle = {Proceedings of the 18th ACM Conference on Computer and Communications
	Security},
  year = {2011},
  series = {CCS '11},
  pages = {627--638},
  address = {New York, NY, USA},
  publisher = {ACM},
  acmid = {2046779},
  doi = {10.1145/2046707.2046779},
  isbn = {978-1-4503-0948-6},
  keywords = {android, least privilege, permissions},
  location = {Chicago, Illinois, USA},
  numpages = {12},
  url = {http://doi.acm.org/10.1145/2046707.2046779}
}

@INPROCEEDINGS{Felt:2011:EAP:2002168.2002175,
  author = {Felt, Adrienne Porter and Greenwood, Kate and Wagner, David},
  title = {The Effectiveness of Application Permissions},
  booktitle = {Proceedings of the 2Nd USENIX Conference on Web Application Development},
  year = {2011},
  series = {WebApps'11},
  pages = {7--7},
  address = {Berkeley, CA, USA},
  publisher = {USENIX Association},
  acmid = {2002175},
  location = {Portland, OR},
  numpages = {1},
  url = {http://dl.acm.org/citation.cfm?id=2002168.2002175}
}

@INPROCEEDINGS{6413840,
  author = {Frank, M. and Ben Dong and Felt, A.P. and Song, D.},
  title = {Mining Permission Request Patterns from Android and Facebook Applications},
  booktitle = {Data Mining (ICDM), 2012 IEEE 12th International Conference on},
  year = {2012},
  pages = {870-875},
  doi = {10.1109/ICDM.2012.86},
  issn = {1550-4786},
  keywords = {Boolean algebra;application program interfaces;data mining;data privacy;matrix
	decomposition;operating systems (computers);social networking (online);Android;Boolean
	matrix factorization;Facebook;application quality;high-reputation
	application;low-reputation application;overlapping permission clusters;permission
	request pattern mining;permission system;privacy-or security-relevant
	API call;private data;security measure;third-party application;user
	satisfaction;Androids;Facebook;Hardware;Humanoid robots;Malware;Smart
	phones;Training;Android;Facebook;Permissions;Smartphones;Unsupervised
	learning;pattern mining}
}

@ARTICLE{jeon2011dr,
  author = {Jeon, Jinseong and Micinski, Kristopher K and Vaughan, Jeffrey A
	and Reddy, Nikhilesh and Zhu, Yixin and Foster, Jeffrey S and Millstein,
	Todd},
  title = {Dr. Android and Mr. Hide: Fine-grained security policies on unmodified
	Android},
  year = {2011}
}

@INPROCEEDINGS{Kim:2011:MMC:1985793.1985835,
  author = {Kim, Heejung and Jung, Yungbum and Kim, Sunghun and Yi, Kwankeun},
  title = {MeCC: Memory Comparison-based Clone Detector},
  booktitle = {Proceedings of the 33rd International Conference on Software Engineering},
  year = {2011},
  series = {ICSE '11},
  pages = {301--310},
  address = {New York, NY, USA},
  publisher = {ACM},
  acmid = {1985835},
  doi = {10.1145/1985793.1985835},
  isbn = {978-1-4503-0445-0},
  keywords = {abstract interpretation, clone detection, software maintenance, static
	analysis},
  location = {Waikiki, Honolulu, HI, USA},
  numpages = {10},
  url = {http://doi.acm.org.ezproxy.rit.edu/10.1145/1985793.1985835}
}

@INPROCEEDINGS{6671332,
  author = {Krutz, D.E. and Shihab, E.},
  title = {CCCD: Concolic code clone detection},
  booktitle = {Reverse Engineering (WCRE), 2013 20th Working Conference on},
  year = {2013},
  pages = {489-490},
  month = {Oct},
  doi = {10.1109/WCRE.2013.6671332},
  keywords = {program diagnostics;software maintenance;software tools;CCCD;Concolic
	Code Clone Discovery tool;clone detection tool;concolic analysis;concolic
	code clone detection;type-4 clones;Cloning;Conferences;IEEE Computer
	Society;Software;Software engineering;Software reliability}
}

@CONFERENCE{Lee_2013,
  author = {Sung-Hoon Lee and Seung-Hun Jin},
  title = {Warning System for Detecting Malicious Applications on Android System},
  booktitle = {International Journal of Computer and Communication Engineering},
  year = {2013},
  owner = {dkrutz},
  timestamp = {2014.05.14}
}

@ARTICLE{Mirzaei:2012:TAA:2382756.2382798,
  author = {Mirzaei, Nariman and Malek, Sam and P\u{a}s\u{a}reanu, Corina S.
	and Esfahani, Naeem and Mahmood, Riyadh},
  title = {Testing Android Apps Through Symbolic Execution},
  journal = {SIGSOFT Softw. Eng. Notes},
  year = {2012},
  volume = {37},
  pages = {1--5},
  number = {6},
  month = nov,
  acmid = {2382798},
  address = {New York, NY, USA},
  doi = {10.1145/2382756.2382798},
  issn = {0163-5948},
  issue_date = {November 2012},
  keywords = {Java Pathfinder, android, symbolic pathfinder, testing},
  numpages = {5},
  publisher = {ACM},
  url = {http://doi.acm.org/10.1145/2382756.2382798}
}

@INPROCEEDINGS{poeplau2014execute,
  author = {Poeplau, Sebastian and Fratantonio, Yanick and Bianchi, Antonio and
	Kruegel, Christopher and Vigna, Giovanni},
  title = {Execute this! analyzing unsafe and malicious dynamic code loading
	in android applications},
  booktitle = {NDSS},
  year = {2014},
  volume = {14},
  pages = {23--26}
}

@ARTICLE{Roy:2009:CEC:1530898.1531101,
  author = {Roy, Chanchal K. and Cordy, James R. and Koschke, Rainer},
  title = {Comparison and Evaluation of Code Clone Detection Techniques and
	Tools: A Qualitative Approach},
  journal = {Sci. Comput. Program.},
  year = {2009},
  volume = {74},
  pages = {470--495},
  number = {7},
  month = may,
  acmid = {1531101},
  address = {Amsterdam, The Netherlands, The Netherlands},
  doi = {10.1016/j.scico.2009.02.007},
  issn = {0167-6423},
  issue_date = {May, 2009},
  keywords = {Clone detection, Comparison, Scenario-based evaluation, Software clone},
  numpages = {26},
  publisher = {Elsevier North-Holland, Inc.},
  url = {http://dx.doi.org/10.1016/j.scico.2009.02.007}
}

@INPROCEEDINGS{rutar2004comparison,
  author = {Rutar, Nick and Almazan, Christian B and Foster, Jeffrey S},
  title = {A comparison of bug finding tools for Java},
  booktitle = {Software Reliability Engineering, 2004. ISSRE 2004. 15th International
	Symposium on},
  year = {2004},
  pages = {245--256},
  organization = {IEEE}
}

@ARTICLE{saltzer1975protection,
  author = {Saltzer, Jerome H and Schroeder, Michael D},
  title = {The protection of information in computer systems},
  journal = {Proceedings of the IEEE},
  year = {1975},
  volume = {63},
  pages = {1278--1308},
  number = {9},
  publisher = {IEEE}
}

@INPROCEEDINGS{6641043,
  author = {Salva, S. and Zafimiharisoa, S.R.},
  title = {Data vulnerability detection by security testing for Android applications},
  booktitle = {Information Security for South Africa, 2013},
  year = {2013},
  pages = {1-8},
  month = {Aug},
  doi = {10.1109/ISSA.2013.6641043},
  keywords = {formal specification;mobile computing;program testing;security of
	data;APSET;Android applications;Android intent messaging;component
	codes;configuration files;data vulnerability detection;intent mechanism;intent-based
	vulnerabilities;mobile applications;model-based security testing
	approach;partial specifications;security attacks;vulnerability patterns;Androids;Documentation;Humanoid
	robots;Security;Semantics;Suspensions;Testing;Android applications;Mobile
	device security;Model-based testing;Security testing}
}

@ARTICLE{shaerpour2013trends,
  author = {Shaerpour, Kaveh and Dehghantanha, Ali and Mahmod, Ramlan},
  title = {TRENDS IN ANDROID MALWARE DETECTION.},
  journal = {Journal of Digital Forensics, Security \& Law},
  year = {2013},
  volume = {8},
  number = {3}
}

@ARTICLE{Sridharan:2006:RCP:1133255.1134027,
  author = {Sridharan, Manu and Bod\'{\i}k, Rastislav},
  title = {Refinement-based Context-sensitive Points-to Analysis for Java},
  journal = {SIGPLAN Not.},
  year = {2006},
  volume = {41},
  pages = {387--400},
  number = {6},
  month = jun,
  acmid = {1134027},
  address = {New York, NY, USA},
  doi = {10.1145/1133255.1134027},
  issn = {0362-1340},
  issue_date = {June 2006},
  keywords = {context-sensitive analysis, demand-driven analysis, points-to analysis,
	refinement},
  numpages = {14},
  publisher = {ACM},
  url = {http://doi.acm.org/10.1145/1133255.1134027}
}

@INPROCEEDINGS{6624000,
  author = {Stevens, R. and Ganz, J. and Filkov, V. and Devanbu, P. and Hao Chen},
  title = {Asking for (and about) permissions used by Android apps},
  booktitle = {Mining Software Repositories (MSR), 2013 10th IEEE Working Conference
	on},
  year = {2013},
  pages = {31-40},
  doi = {10.1109/MSR.2013.6624000},
  issn = {2160-1852},
  keywords = {Linux;Web sites;authorisation;mobile computing;Android markets;StackOverflow;free-Android
	applications;mobile platforms;online fora;over-liberal permission
	request;permission discussions;permission interference;permission
	misuse;permission popularity;security policies;sublinear relationship;Androids;Documentation;Humanoid
	robots;Interference;Java;Security;Software}
}

@INPROCEEDINGS{Tripp:2009:TET:1542476.1542486,
  author = {Tripp, Omer and Pistoia, Marco and Fink, Stephen J. and Sridharan,
	Manu and Weisman, Omri},
  title = {TAJ: Effective Taint Analysis of Web Applications},
  booktitle = {Proceedings of the 2009 ACM SIGPLAN Conference on Programming Language
	Design and Implementation},
  year = {2009},
  series = {PLDI '09},
  pages = {87--97},
  address = {New York, NY, USA},
  publisher = {ACM},
  acmid = {1542486},
  doi = {10.1145/1542476.1542486},
  isbn = {978-1-60558-392-1},
  keywords = {java, program analysis, security, slicing, static analysis, taint
	analysis, web application},
  location = {Dublin, Ireland},
  numpages = {11},
  url = {http://doi.acm.org/10.1145/1542476.1542486}
}

@INPROCEEDINGS{6613857,
  author = {Uddin, M.S. and Roy, C.K. and Schneider, K.A.},
  title = {SimCad: An extensible and faster clone detection tool for large scale
	software systems},
  booktitle = {Program Comprehension (ICPC), 2013 IEEE 21st International Conference
	on},
  year = {2013},
  pages = {236-238},
  month = {May},
  doi = {10.1109/ICPC.2013.6613857},
  issn = {1063-6897},
  keywords = {software engineering;software libraries;IDE;SimCad;SimLib;clone detection
	tool;clone management functionalities;code cloning;integrated development
	environment;large scale software systems;off-the-shelf clone detection
	library;software systems evolution;Cloning;Graphical user interfaces;Java;Libraries;Software
	systems;XML}
}

@INPROCEEDINGS{Vidas11curbingandroid,
  author = {Timothy Vidas and Nicolas Christin and Lorrie Faith Cranor},
  title = {Curbing Android Permission Creep},
  booktitle = {In W2SP},
  year = {2011}
}

@ELECTRONIC{qsconf_key,
  author = {Watkins, K. and Hann},
  year = {2013},
  title = {Mobile Apps in Security},
  url = {http://qconsf.com/system/files/presentation-slides/Mobile%20App%20(in)Security.pdf},
  owner = {dan},
  timestamp = {2014.07.02}
}

@INPROCEEDINGS{Wei:2012:PEA:2420950.2420956,
  author = {Wei, Xuetao and Gomez, Lorenzo and Neamtiu, Iulian and Faloutsos,
	Michalis},
  title = {Permission Evolution in the Android Ecosystem},
  booktitle = {Proceedings of the 28th Annual Computer Security Applications Conference},
  year = {2012},
  series = {ACSAC '12},
  pages = {31--40},
  address = {New York, NY, USA},
  publisher = {ACM},
  acmid = {2420956},
  doi = {10.1145/2420950.2420956},
  isbn = {978-1-4503-1312-4},
  location = {Orlando, Florida},
  numpages = {10},
  url = {http://doi.acm.org/10.1145/2420950.2420956}
}

@INPROCEEDINGS{6698893,
  author = {Xu, Wei and Zhang, Fangfang and Zhu, Sencun},
  title = {Permlyzer: Analyzing permission usage in Android applications},
  booktitle = {Software Reliability Engineering (ISSRE), 2013 IEEE 24th International
	Symposium on},
  year = {2013},
  pages = {400-410},
  doi = {10.1109/ISSRE.2013.6698893}
}

@INPROCEEDINGS{zhang2013vetting,
  author = {Zhang, Yuan and Yang, Min and Xu, Bingquan and Yang, Zhemin and Gu,
	Guofei and Ning, Peng and Wang, X Sean and Zang, Binyu},
  title = {Vetting undesirable behaviors in android apps with permission use
	analysis},
  booktitle = {Proceedings of the 2013 ACM SIGSAC conference on Computer \& communications
	security},
  year = {2013},
  pages = {611--622},
  organization = {ACM}
}

@INPROCEEDINGS{6394460,
  author = {Jiagui Zhong and Jianjun Huang and Bin Liang},
  title = {Android Permission Re-delegation Detection and Test Case Generation},
  booktitle = {Computer Science Service System (CSSS), 2012 International Conference
	on},
  year = {2012},
  pages = {871-874},
  doi = {10.1109/CSSS.2012.222},
  keywords = {Java;data flow analysis;formal specification;operating systems (computers);program
	testing;smart phones;Android operating system;Android permission
	redelegation detection;Android platform;Android test case generation;Diordna;Java
	byte codes;dataflow analysis;intent based IPC channel;intent oriented
	test case specification generation;interprocess communication;public
	entry points;security problems;smart phones;static analysis tool;system
	API;Androids;Humanoid robots;Java;Operating systems;Privacy;Security;Smart
	phones;Android permission re-delegation;IPC;detection;intent;test
	case generation}
}

@INPROCEEDINGS{Zhou:2012:DAM:2310656.2310710,
  author = {Zhou, Yajin and Jiang, Xuxian},
  title = {Dissecting Android Malware: Characterization and Evolution},
  booktitle = {Proceedings of the 2012 IEEE Symposium on Security and Privacy},
  year = {2012},
  series = {SP '12},
  pages = {95--109},
  address = {Washington, DC, USA},
  publisher = {IEEE Computer Society},
  acmid = {2310710},
  doi = {10.1109/SP.2012.16},
  isbn = {978-0-7695-4681-0},
  keywords = {Android malware, smartphone security},
  numpages = {15},
  url = {http://dx.doi.org/10.1109/SP.2012.16}
}

@ELECTRONIC{checkstyle_key,
  title = {CheckStyle},
  url = {http://checkstyle.sourceforge.net/},
  owner = {dkrutz},
  timestamp = {2014.05.14}
}

@ELECTRONIC{CoinPirate_URL,
  title = {Coin Pirates - Google Play},
  url = {https://play.google.com/store/apps/details?id=com.nubee.coinpirates&hl=en},
  owner = {dan},
  timestamp = {2014.07.10}
}

@ELECTRONIC{CoinPirateReport_url,
  title = {SMS Spyring Android Trojan Triggerd by Keywords},
  url = {http://www.net-security.org/malware_news.php?id=1796},
  owner = {dan},
  timestamp = {2014.07.10}
}

@ELECTRONIC{contagio_url,
  title = {Contagio Mobile Mini Dump},
  url = {http://contagiominidump.blogspot.com},
  owner = {dan},
  timestamp = {2014.06.13}
}

@ELECTRONIC{dex2jar_key,
  title = {dex2jar},
  url = {https://code.google.com/p/dex2jar/},
  owner = {dkrutz},
  timestamp = {2014.05.14}
}

@ELECTRONIC{findbugs_key,
  title = {FindBugs},
  url = {http://findbugs.sourceforge.net/},
  owner = {dkrutz},
  timestamp = {2014.05.14}
}

@ELECTRONIC{jdcmd_key,
  title = {jd-cmd},
  url = {https://github.com/kwart/jd-cmd},
  owner = {dkrutz},
  timestamp = {2014.05.14}
}

@ELECTRONIC{jlint_key,
  title = {Jlint},
  url = {http://jlint.sourceforge.net/},
  owner = {dkrutz},
  timestamp = {2014.05.14}
}

@ELECTRONIC{permissionLevelsURL,
  title = {Android Developers},
  url = {http://developer.android.com/guide/topics/manifest/permission-element.html},
  owner = {dan},
  timestamp = {2014.01.25}
}

@ELECTRONIC{scrapy_URL,
  title = {Scrapy},
  url = {http://scrapy.org},
  owner = {dan},
  timestamp = {2014.06.13}
}

@ELECTRONIC{,
  owner = {dan},
  timestamp = {2014.08.09}
}

@ELECTRONIC{manifest_url,
  month = {July},
  year = {2014},
  title = {Manifest.permission},
  url = {http://developer.android.com/reference/android/Manifest.permission.html},
  owner = {dan},
  timestamp = {2014.07.02}
}

