@INPROCEEDINGS{MSRDan, 
  author={D. E. Krutz and M. Mirakhorli and S. A. Malachowsky and A. Ruiz and J. Peterson and A. Filipski and J. Smith}, 
  booktitle={2015 IEEE/ACM 12th Working Conference on Mining Software Repositories}, 
  title={A Dataset of Open-Source Android Applications}, 
  year={2015}, 
  pages={522-525}, 
  keywords={Android (operating system);data analysis;mobile computing;program diagnostics;public domain software;Androguard;AndroidManifest.xml files;Sonar;Stowaway;data analysis;development process;mobile platform;open-source Android applications;static analysis;synthesized information;Androids;Computer bugs;Data mining;Humanoid robots;Security;Software;Software engineering;Open-source dataset; Android development; Software Engineering}, 
  doi={10.1109/MSR.2015.79}, 
  ISSN={2160-1852}, 
  month={May},}


  @inproceedings{SAC2016,
  author    = {Daniel E. Krutz and
  Mehdi Mirakhorli},
  title     = {Architectural clones: toward tactical code reuse},
  booktitle = {Proceedings of the 31st Annual {ACM} Symposium on Applied Computing,
  Pisa, Italy, April 4-8, 2016},
  pages     = {1480--1485},
  year      = {2016},
  crossref  = {DBLP:conf/sac/2016},
  url       = {http://doi.acm.org/10.1145/2851613.2851787},
  doi       = {10.1145/2851613.2851787},
  timestamp = {Mon, 06 Jun 2016 18:51:39 +0200},
  biburl    = {http://dblp.uni-trier.de/rec/bib/conf/sac/KrutzM16},
  bibsource = {dblp computer science bibliography, http://dblp.org}
}