% This file was created with JabRef 2.7.2.
% Encoding: Cp1252

@MISC{watson, 
 author =       {{Microsoft Dr. Watson}}, 
 title =        {}, 
 howpublished = "\url{https://www.microsoft.com/resources/documentation/windows/xp/all/proddocs/en-us/drwatson_overview.mspx?mfr=true}", 
 year =        {2012}, 
}

@MISC{firefox, 
 author =       {{Crash Dumps for Mozilla Applications}}, 
 title =        {}, 
 howpublished = "\url{https://crash-stats.mozilla.com/products/}", 
 year =        {2012}
}

@MISC{bugzilla, 
 author =       {{Bugzilla}}, 
 title =        {}, 
 howpublished = "\url{http://www.bugzilla.org/}", 
 year =        {2012}
}

@MISC{mozilla, 
 author =       {{Mozilla Crash Reporter}}, 
 title =        {}, 
 howpublished = "\url{https://support.mozilla.org/en-US/kb/Mozilla\%20Crash\%20Reporter}", 
 year =        {2012} 
}

@ARTICLE{Kim:2011,
author={Dongsun Kim and Xinming Wang and Sunghun Kim and Zeller, A. and Cheung, S.C. and Sooyong Park},
journal={Software Engineering, IEEE Transactions on}, title={Which Crashes Should I Fix First?: Predicting Top Crashes at an Early Stage to Prioritize Debugging Efforts},
year={2011},
}

@INPROCEEDINGS{Kim:2011:2,
author={Sunghun Kim and Zimmermann, T. and Nagappan, N.},
booktitle={Dependable Systems Networks (DSN), 2011 IEEE/IFIP 41st International Conference on}, title={Crash graphs: An aggregated view of multiple crashes to improve crash triage},
year={2011},
}

@inproceedings{Artzi:2008,
 author = {Artzi, Shay and Kim, Sunghun and Ernst, Michael D.},
 title = {ReCrash: Making Software Failures Reproducible by Preserving Object States},
 booktitle = {Proceedings of the 22nd European conference on Object-Oriented Programming},
 series = {ECOOP '08},
 year = {2008},
} 

% This file was created with JabRef 2.7.2.
% Encoding: Cp1252
% This file was created with JabRef 2.7.2.
% Encoding: Cp1252

@INPROCEEDINGS{Agrawal:2010:IES:1807167.1807267,
  author = {Agrawal, Parag and Arasu, Arvind and Kaushik, Raghav},
  title = {On indexing error-tolerant set containment},
  booktitle = {Proceedings of the 2010 international conference on Management of
	data},
  year = {2010}
}

@INPROCEEDINGS{Bard:2007:STO:1274531.1274545,
  author = {Bard, Gregory V.},
  title = {Spelling-error tolerant, order-independent pass-phrases via the damerau-levenshtein
	string-edit distance metric},
  booktitle = {Proceedings of the fifth Australasian symposium on ACSW frontiers
	- Volume 68},
  year = {2007}
}

@MISC{Bartz_findingsimilar,
  author = {Kevin Bartz and Jack W. Stokes and John C. Platt and Ryan Kivett
	and David Grant and Silviu Calinoiu and Gretchen Loihle},
  title = {Finding Similar Failures Using Callstack Similarity}
}

@INPROCEEDINGS{Bettenburg:2008:ESI:1370750.1370757,
  author = {Bettenburg, Nicolas and Premraj, Rahul and Zimmermann, Thomas and
	Kim, Sunghun},
  title = {Extracting structural information from bug reports},
  booktitle = {Proceedings of the 2008 international working conference on Mining
	software repositories},
  year = {2008}
}

@INPROCEEDINGS{brodie:quickly,
  author = {Mark Brodie and Sheng Ma and Guy M. Lohman and Laurent Mignet and
	Natwar Modani and Mark Wilding and Jon Champlin and Peter Sohn},
  title = {Quickly Finding Known Software Problems via Automated Symptom Matching.},
  booktitle = {ICAC'05},
  year = {2005}
}

@ARTICLE{brodie:automated,
  author = {Mark Brodie and Sheng Ma and Leonid Rachevsky and Jon Champlin},
  title = {Automated Problem Determination using Call-Stack Matching.},
  journal = {J. Network Syst. Manage.},
  year = {2005}
}

@INPROCEEDINGS{Chierichetti:2010:FJM:1873601.1873626,
  author = {Chierichetti, Flavio and Kumar, Ravi and Pandey, Sandeep and Vassilvitskii,
	Sergei},
  title = {Finding the Jaccard median},
  booktitle = {Proceedings of the Twenty-First Annual ACM-SIAM Symposium on Discrete
	Algorithms},
  year = {2010}
}

@INPROCEEDINGS{Cormode:2002:SED:545381.545470,
  author = {Cormode, Graham and Muthukrishnan, S.},
  title = {The string edit distance matching problem with moves},
  booktitle = {Proceedings of the thirteenth annual ACM-SIAM symposium on Discrete
	algorithms},
  year = {2002}
}

@INPROCEEDINGS{6080800,
  author = {Dhaliwal, T. and Khomh, F. and Ying Zou},
  title = {Classifying field crash reports for fixing bugs: A case study of
	Mozilla Firefox},
  booktitle = {Software Maintenance (ICSM), 2011 27th IEEE International Conference
	on},
  year = {2011}
}

@INPROCEEDINGS{1199328,
  author = {Feng, H.H. and Kolesnikov, O.M. and Fogla, P. and Lee, W. and Weibo
	Gong},
  title = {Anomaly detection using call stack information},
  booktitle = {Security and Privacy, 2003. Proceedings. 2003 Symposium on},
  year = {2003}
}

@INPROCEEDINGS{Gravano:2001:ASJ:645927.672200,
  author = {Gravano, Luis and Ipeirotis, Panagiotis G. and Jagadish, H. V. and
	Koudas, Nick and Muthukrishnan, S. and Srivastava, Divesh},
  title = {Approximate String Joins in a Database (Almost) for Free},
  booktitle = {Proceedings of the 27th International Conference on Very Large Data
	Bases},
  year = {2001}
}

@INPROCEEDINGS{Kim:2005:NST:1083592.1083632,
  author = {Kim, Min-Soo and Whang, Kyu-Young and Lee, Jae-Gil and Lee, Min-Jae},
  title = {n-gram/2L: a space and time efficient two-level n-gram inverted index
	structure},
  booktitle = {Proceedings of the 31st international conference on Very large data
	bases},
  year = {2005}
}

@ARTICLE{Lambert,
  author = {John Lambert and H. Andy Podgurski},
  title = {xdProf: a tool for the capture and analysis of stack traces in a
	distributed Java system},
  journal = {Proc. SPIE 4521},
  year = {2001}
}

@INPROCEEDINGS{Ledru:2009:USD:1747491.1747546,
  author = {Ledru, Yves and Petrenko, Alexandre and Boroday, Sergiy},
  title = {Using String Distances for Test Case Prioritisation},
  booktitle = {Proceedings of the 2009 IEEE/ACM International Conference on Automated
	Software Engineering},
  year = {2009}
}

@ARTICLE{Liu:2009:BUW:1512443.1512452,
  author = {Liu, Kevin and Nelesen, Serita and Raghavan, Sindhu and Linder, C.
	Randal and Warnow, Tandy},
  title = {Barking Up The Wrong Treelength: The Impact of Gap Penalty on Alignment
	and Tree Accuracy},
  journal = {IEEE/ACM Trans. Comput. Biol. Bioinformatics},
  year = {2009}
}

@INPROCEEDINGS{Lohman:2005:QFK:1078027.1078461,
  author = {Lohman, Guy and Champlin, Jon and Sohn, Peter},
  title = {Quickly Finding Known Software Problems via Automated Symptom Matching},
  booktitle = {Proceedings of the Second International Conference on Automatic Computing},
  year = {2005}
}

@INPROCEEDINGS{4401026,
  author = {Modani, N. and Gupta, R. and Lohman, G. and Syeda-Mahmood, T. and
	Mignet, L.},
  title = {Automatically Identifying Known Software Problems},
  booktitle = {Data Engineering Workshop, 2007 IEEE 23rd International Conference
	on},
  year = {2007}
}

@ARTICLE{Needleman1970,
  author = {Needleman, Saul; Wunsch, Christian},
  title = {A general method applicable to the search for similarities in the
	amino acid sequence of two proteins},
  journal = {Journal of Molecular Biology},
  year = {1970}
}

@INPROCEEDINGS{Okazaki:2010:SEA:1873781.1873877,
  author = {Okazaki, Naoaki and Tsujii, Jun'ichi},
  title = {Simple and efficient algorithm for approximate dictionary matching},
  booktitle = {Proceedings of the 23rd International Conference on Computational
	Linguistics},
  year = {2010}
}

@ARTICLE{Rayward-Smith:1979:CSN:355853.355861,
  author = {Rayward-Smith, V. J.},
  title = {On Computing the Smith Normal Form of an Integer Matrix},
  journal = {ACM Trans. Math. Softw.},
  year = {1979}
}

@INPROCEEDINGS{5463280,
  author = {Schroter, A. and Bettenburg, N. and Premraj, R.},
  title = {Do stack traces help developers fix bugs?},
  booktitle = {Mining Software Repositories (MSR), 2010 7th IEEE Working Conference
	on},
  year = {2010}
}

@ARTICLE{Zhu:2007:AET:1452924.1452936,
  author = {Zhu, Qibo and Inkpen, Diana and Asudeh, Ash},
  title = {Automatic extraction of translations from web-based bilingual materials},
  journal = {Machine Translation},
  year = {2007}
}

@inproceedings{Han:2012,
 author = {Han, Shi and Dang, Yingnong and Ge, Song and Zhang, Dongmei and Xie, Tao},
 title = {Performance debugging in the large via mining millions of stack traces},
 booktitle = {Proceedings of the 2012 International Conference on Software Engineering},
 series = {ICSE 2012},
 year = {2012},
 isbn = {978-1-4673-1067-3},
 location = {Zurich, Switzerland},
 pages = {145--155},
 numpages = {11},
 url = {http://dl.acm.org/citation.cfm?id=2337223.2337241},
 acmid = {2337241},
 publisher = {IEEE Press},
 address = {Piscataway, NJ, USA},
} 

@inproceedings{Dang:2012,
 author = {Dang, Yingnong and Wu, Rongxin and Zhang, Hongyu and Zhang, Dongmei and Nobel, Peter},
 title = {ReBucket: a method for clustering duplicate crash reports based on call stack similarity},
 booktitle = {Proceedings of the 2012 International Conference on Software Engineering},
 series = {ICSE 2012},
 year = {2012},
 isbn = {978-1-4673-1067-3},
 location = {Zurich, Switzerland},
 pages = {1084--1093},
 numpages = {10},
 url = {http://dl.acm.org/citation.cfm?id=2337223.2337364},
 acmid = {2337364},
 publisher = {IEEE Press},
 address = {Piscataway, NJ, USA},
} 

@inproceedings{Glerum:2009,
 author = {Glerum, Kirk and Kinshumann, Kinshuman and Greenberg, Steve and Aul, Gabriel and Orgovan, Vince and Nichols, Greg and Grant, David and Loihle, Gretchen and Hunt, Galen},
 title = {Debugging in the (very) large: ten years of implementation and experience},
 booktitle = {Proceedings of the ACM SIGOPS 22nd symposium on Operating systems principles},
 series = {SOSP '09},
 year = {2009},
 isbn = {978-1-60558-752-3},
 location = {Big Sky, Montana, USA},
 pages = {103--116},
 numpages = {14},
 url = {http://doi.acm.org/10.1145/1629575.1629586},
 doi = {10.1145/1629575.1629586},
 acmid = {1629586},
 publisher = {ACM},
 address = {New York, NY, USA},
 keywords = {blue screen of death, bucketing, classifying, error reports, labeling, minidump, statistics-based debugging.},
} 