
@article{hendrickx1989relative,
	Author = {Hendrickx, Laurie and Vlek, Charles and Oppewal, Harmen},
	Date-Added = {2016-06-06 22:06:51 +0000},
	Date-Modified = {2016-06-06 22:06:51 +0000},
	Journal = {Acta Psychologica},
	Number = {1},
	Pages = {41--63},
	Publisher = {Elsevier},
	Title = {Relative importance of scenario information and frequency information in the judgment of risk},
	Volume = {72},
	Year = {1989}}

@inproceedings{felt2011effectiveness,
	Author = {Felt, Adrienne Porter and Greenwood, Kate and Wagner, David},
	Booktitle = {Proceedings of the 2nd USENIX conference on Web application development},
	Date-Added = {2016-06-06 22:06:51 +0000},
	Date-Modified = {2016-06-06 22:06:51 +0000},
	Pages = {7--7},
	Title = {The effectiveness of application permissions},
	Year = {2011}}

@article{fischhoff1978safe,
	Author = {Fischhoff, Baruch and Slovic, Paul and Lichtenstein, Sarah and Read, Stephen and Combs, Barbara},
	Date-Added = {2016-06-06 22:06:22 +0000},
	Date-Modified = {2016-06-06 22:06:22 +0000},
	Journal = {Policy sciences},
	Number = {2},
	Pages = {127--152},
	Publisher = {Springer},
	Title = {How safe is safe enough? A psychometric study of attitudes towards technological risks and benefits},
	Volume = {9},
	Year = {1978}}

@book{hale1987individual,
	Author = {Hale, Andrew R and Glendon, A Ian},
	Date-Added = {2016-06-06 22:06:22 +0000},
	Date-Modified = {2016-06-06 22:06:22 +0000},
	Publisher = {Elsevier Science},
	Title = {Individual behaviour in the control of danger.},
	Year = {1987}}

@article{epstein1994integration,
	Author = {Epstein, Seymour},
	Date-Added = {2016-06-06 22:06:22 +0000},
	Date-Modified = {2016-06-06 22:06:22 +0000},
	Journal = {American psychologist},
	Number = {8},
	Pages = {709},
	Publisher = {American Psychological Association},
	Title = {Integration of the cognitive and the psychodynamic unconscious.},
	Volume = {49},
	Year = {1994}}

@article{stewart1994intended,
	Author = {Stewart, David W and Martin, Ingrid M},
	Date-Added = {2016-06-06 22:06:22 +0000},
	Date-Modified = {2016-06-06 22:06:22 +0000},
	Journal = {Journal of Public Policy \& Marketing},
	Pages = {1--19},
	Publisher = {JSTOR},
	Title = {Intended and unintended consequences of warning messages: A review and synthesis of empirical research},
	Year = {1994}}

@article{magat1988consumer,
	Author = {Magat, Wesley A and Viscusi, W Kip and Huber, Joel},
	Date-Added = {2016-06-06 22:05:55 +0000},
	Date-Modified = {2016-06-06 22:05:55 +0000},
	Journal = {Journal of Risk and Uncertainty},
	Number = {2},
	Pages = {201--232},
	Publisher = {Springer},
	Title = {Consumer processing of hazard warning information},
	Volume = {1},
	Year = {1988}}

@inproceedings{sarma2012android,
	Author = {Sarma, Bhaskar Pratim and Li, Ninghui and Gates, Chris and Potharaju, Rahul and Nita-Rotaru, Cristina and Molloy, Ian},
	Booktitle = {Proceedings of the 17th ACM symposium on Access Control Models and Technologies},
	Date-Added = {2016-06-06 22:05:39 +0000},
	Date-Modified = {2016-06-06 22:05:39 +0000},
	Organization = {ACM},
	Pages = {13--22},
	Title = {Android permissions: a perspective combining risks and benefits},
	Year = {2012}}

@article{slovic2005affect,
	Author = {Slovic, Paul and Peters, Ellen and Finucane, Melissa L and MacGregor, Donald G},
	Date-Added = {2016-06-06 22:05:18 +0000},
	Date-Modified = {2016-06-06 22:05:18 +0000},
	Journal = {Health psychology},
	Number = {4S},
	Pages = {S35},
	Publisher = {American Psychological Association},
	Title = {Affect, risk, and decision making.},
	Volume = {24},
	Year = {2005}}

@inproceedings{Felt:2012:APU:2335356.2335360,
	Acmid = {2335360},
	Address = {New York, NY, USA},
	Articleno = {3},
	Author = {Felt, Adrienne Porter and Ha, Elizabeth and Egelman, Serge and Haney, Ariel and Chin, Erika and Wagner, David},
	Booktitle = {Proceedings of the Eighth Symposium on Usable Privacy and Security},
	Doi = {10.1145/2335356.2335360},
	Isbn = {978-1-4503-1532-6},
	Keywords = {Android, mobile phones, smartphones, usable security},
	Location = {Washington, D.C.},
	Numpages = {14},
	Pages = {3:1--3:14},
	Publisher = {ACM},
	Series = {SOUPS '12},
	Title = {Android Permissions: User Attention, Comprehension, and Behavior},
	Url = {http://doi.acm.org/10.1145/2335356.2335360},
	Year = {2012},
	Bdsk-Url-1 = {http://doi.acm.org/10.1145/2335356.2335360},
	Bdsk-Url-2 = {http://dx.doi.org/10.1145/2335356.2335360}}

@electronic{android_developer_URL,
	Howpublished = {\url{https://developer.android.com/training/permissions/requesting.html}},
	Title = {Requesting Permissions at Run Time},
	Url = {\url{https://developer.android.com/training/permissions/requesting.html}},
	Bdsk-Url-1 = {https://developer.android.com/training/permissions/requesting.html}}

@electronic{android_permissions_URL,
	Howpublished = {\url{https://developer.android.com/guide/topics/security/permissions.html}},
	Title = {System Permissions},
	Url = {\url{https://developer.android.com/guide/topics/security/permissions.html}},
	Bdsk-Url-1 = {https://developer.android.com/guide/topics/security/permissions.html}}

@electronic{android_security_overview_URL,
	Author = {Android Open Source Project},
	Howpublished = {\url{https://source.android.com/security/}},
	Title = {Android Security Overview},
	Url = {\url{https://source.android.com/security/}},
	Bdsk-Url-1 = {https://source.android.com/security/}}

@electronic{android_permissions_BestPractices_URL,
	Howpublished = {\url{https://developer.android.com/training/permissions/best-practices.html}},
	Title = {Permissions Best Practices},
	Url = {\url{https://developer.android.com/training/permissions/best-practices.html}},
	Bdsk-Url-1 = {https://developer.android.com/training/permissions/best-practices.html}}

@inproceedings{liu2015efficient,
	Author = {Liu, Bin and Liu, Bin and Jin, Hongxia and Govindan, Ramesh},
	Booktitle = {MobiSys},
	Pages = {89--103},
	Title = {Efficient Privilege De-Escalation for Ad Libraries in Mobile Apps.},
	Year = {2015}}

@inproceedings{Wijesekera:2015:APR:2831143.2831175,
	Acmid = {2831175},
	Address = {Berkeley, CA, USA},
	Author = {Wijesekera, Primal and Baokar, Arjun and Hosseini, Ashkan and Egelman, Serge and Wagner, David and Beznosov, Konstantin},
	Booktitle = {Proceedings of the 24th USENIX Conference on Security Symposium},
	Isbn = {978-1-931971-232},
	Location = {Washington, D.C.},
	Numpages = {16},
	Pages = {499--514},
	Publisher = {USENIX Association},
	Series = {SEC'15},
	Title = {Android Permissions Remystified: A Field Study on Contextual Integrity},
	Url = {http://dl.acm.org/citation.cfm?id=2831143.2831175},
	Year = {2015},
	Bdsk-Url-1 = {http://dl.acm.org/citation.cfm?id=2831143.2831175}}

@article{biswas2016android,
	Author = {Biswas, Sujit and Haipeng, Wang and Rashid, Javed},
	Journal = {International Journal of Security and Its Applications},
	Number = {3},
	Pages = {223--232},
	Title = {Android Permissions Management at App Installing},
	Volume = {10},
	Year = {2016}}

@inproceedings{Liu:2014:RMA:2566486.2568035,
	Acmid = {2568035},
	Address = {New York, NY, USA},
	Author = {Liu, Bin and Lin, Jialiu and Sadeh, Norman},
	Booktitle = {Proceedings of the 23rd International Conference on World Wide Web},
	Doi = {10.1145/2566486.2568035},
	Isbn = {978-1-4503-2744-2},
	Keywords = {android permission, mobile security \&\#38; privacy, personalization},
	Location = {Seoul, Korea},
	Numpages = {12},
	Pages = {201--212},
	Publisher = {ACM},
	Series = {WWW '14},
	Title = {Reconciling Mobile App Privacy and Usability on Smartphones: Could User Privacy Profiles Help?},
	Url = {http://doi.acm.org/10.1145/2566486.2568035},
	Year = {2014},
	Bdsk-Url-1 = {http://doi.acm.org/10.1145/2566486.2568035},
	Bdsk-Url-2 = {http://dx.doi.org/10.1145/2566486.2568035}}

@inproceedings{7145666,
	Author = {G. Paul and J. Irvine},
	Booktitle = {2015 IEEE 81st Vehicular Technology Conference (VTC Spring)},
	Doi = {10.1109/VTCSpring.2015.7145666},
	Issn = {1550-2252},
	Keywords = {Android (operating system);data privacy;security of data;Android Auto;Android applications;core operating system;granular permissions model;native Android functionality;open-source Android operating system;optional Android permissions;optional permissions;requested permissions;user data privacy;user data security;Androids;Humanoid robots;Operating systems;Privacy;Proposals;Security;Smart phones},
	Month = {May},
	Pages = {1-5},
	Title = {Achieving Optional Android Permissions without Operating System Modifications},
	Year = {2015},
	Bdsk-Url-1 = {http://dx.doi.org/10.1109/VTCSpring.2015.7145666}}

@inproceedings{yang2012short,
	Author = {Yang, Liu and Boushehrinejadmoradi, Nader and Roy, Pallab and Ganapathy, Vinod and Iftode, Liviu},
	Booktitle = {Proceedings of the second ACM workshop on Security and privacy in smartphones and mobile devices},
	Organization = {ACM},
	Pages = {21--26},
	Title = {Short paper: enhancing users' comprehension of android permissions},
	Year = {2012}}

@inproceedings{pearce2012addroid,
	Author = {Pearce, Paul and Felt, Adrienne Porter and Nunez, Gabriel and Wagner, David},
	Booktitle = {Proceedings of the 7th ACM Symposium on Information, Computer and Communications Security},
	Organization = {ACM},
	Pages = {71--72},
	Title = {Addroid: Privilege separation for applications and advertisers in android},
	Year = {2012}}

@inproceedings{vidas2011curbing,
	Author = {Vidas, Timothy and Christin, Nicolas and Cranor, Lorrie},
	Booktitle = {Proceedings of the Web},
	Pages = {91--96},
	Title = {Curbing android permission creep},
	Volume = {2},
	Year = {2011}}

@inproceedings{do2014enhancing,
	Author = {Do, Quang and Martini, Ben and Choo, Kim-Kwang Raymond},
	Booktitle = {System Sciences (HICSS), 2014 47th Hawaii International Conference on},
	Organization = {IEEE},
	Pages = {5070--5079},
	Title = {Enhancing user privacy on Android mobile devices via permissions removal},
	Year = {2014}}

@inproceedings{FeltWMHC11,
	Author = {Felt, Adrienne Porter and Wang, Helen J. and Moshchuk, Alexander and Hanna, Steve and Chin, Erika},
	Biburl = {http://www.bibsonomy.org/bibtex/255d82e2826950e0867c05afb9f910f31/dblp},
	Booktitle = {USENIX Security Symposium},
	Ee = {http://static.usenix.org/events/sec11/tech/full_papers/Felt.pdf},
	Interhash = {07e9e35b96c2f916295b39acafb12070},
	Intrahash = {55d82e2826950e0867c05afb9f910f31},
	Keywords = {dblp},
	Publisher = {USENIX Association},
	Timestamp = {2015-04-28T13:56:13.000+0200},
	Title = {Permission Re-Delegation: Attacks and Defenses.},
	Url = {http://dblp.uni-trier.de/db/conf/uss/uss2011.html#FeltWMHC11},
	Year = 2011,
	Bdsk-Url-1 = {http://dblp.uni-trier.de/db/conf/uss/uss2011.html#FeltWMHC11}}

@inproceedings{6296014,
	Author = {A. Egners and U. Meyer and B. Marschollek},
	Booktitle = {2012 IEEE 11th International Conference on Trust, Security and Privacy in Computing and Communications},
	Doi = {10.1109/TrustCom.2012.203},
	Issn = {2324-898X},
	Keywords = {operating systems (computers);security of data;smart phones;Android permission model;Google Android platform;alterability;attack selection;dialog box;missing granularity;nonsuspicious permissions;smartphone operating systems;third party applications;Androids;Humanoid robots;Internet;Libraries;Operating systems;Security;Smart phones;Android;Attack;Permission;Smartphone},
	Month = {June},
	Pages = {505-514},
	Title = {Messing with Android's Permission Model},
	Year = {2012},
	Bdsk-Url-1 = {http://dx.doi.org/10.1109/TrustCom.2012.203}}

@inproceedings{6949282,
	Author = {A. Kaur and D. Upadhyay},
	Booktitle = {Confluence The Next Generation Information Technology Summit (Confluence), 2014 5th International Conference -},
	Doi = {10.1109/CONFLUENCE.2014.6949282},
	Keywords = {Android (operating system);data protection;mobile computing;Android OS;PeMo;Play Store;application permissions;easy to use interface;information stealing;permission based model;permission enforcement framework;private data protection;security mechanism;smartphones;system resource protection;user data protection;Androids;Google;Humanoid robots;Internet;Mobile communication;Security;Smart phones;Android permission;Mobile application;Permission enforcement framework;Security},
	Month = {Sept},
	Pages = {905-910},
	Title = {PeMo: Modifying application's permissions and preventing information stealing on smartphones},
	Year = {2014},
	Bdsk-Url-1 = {http://dx.doi.org/10.1109/CONFLUENCE.2014.6949282}}

@inproceedings{nauman2010apex,
	Author = {Nauman, Mohammad and Khan, Sohail and Zhang, Xinwen},
	Booktitle = {Proceedings of the 5th ACM Symposium on Information, Computer and Communications Security},
	Organization = {ACM},
	Pages = {328--332},
	Title = {Apex: extending android permission model and enforcement with user-defined runtime constraints},
	Year = {2010}}

@inproceedings{Conti:2010:CCP:1949317.1949355,
	Acmid = {1949355},
	Address = {Berlin, Heidelberg},
	Author = {Conti, Mauro and Nguyen, Vu Thien Nga and Crispo, Bruno},
	Booktitle = {Proceedings of the 13th International Conference on Information Security},
	Isbn = {978-3-642-18177-1},
	Keywords = {android security, context policy, policy enforcement},
	Location = {Boca Raton, FL, USA},
	Numpages = {15},
	Pages = {331--345},
	Publisher = {Springer-Verlag},
	Series = {ISC'10},
	Title = {CRePE: Context-related Policy Enforcement for Android},
	Url = {http://dl.acm.org/citation.cfm?id=1949317.1949355},
	Year = {2011},
	Bdsk-Url-1 = {http://dl.acm.org/citation.cfm?id=1949317.1949355}}

@inproceedings{Nauman:2010:AEA:1755688.1755732,
	Acmid = {1755732},
	Address = {New York, NY, USA},
	Author = {Nauman, Mohammad and Khan, Sohail and Zhang, Xinwen},
	Booktitle = {Proceedings of the 5th ACM Symposium on Information, Computer and Communications Security},
	Doi = {10.1145/1755688.1755732},
	Isbn = {978-1-60558-936-7},
	Keywords = {Android, constraints, mobile platforms, policy framework},
	Location = {Beijing, China},
	Numpages = {5},
	Pages = {328--332},
	Publisher = {ACM},
	Series = {ASIACCS '10},
	Title = {Apex: Extending Android Permission Model and Enforcement with User-defined Runtime Constraints},
	Url = {http://doi.acm.org/10.1145/1755688.1755732},
	Year = {2010},
	Bdsk-Url-1 = {http://doi.acm.org/10.1145/1755688.1755732},
	Bdsk-Url-2 = {http://dx.doi.org/10.1145/1755688.1755732}}

@inproceedings{Rasthofer:2014:DEC:2703000.2703303,
	Acmid = {2703303},
	Address = {Washington, DC, USA},
	Author = {Rasthofer, Siegfried and Arzt, Steven and Lovat, Enrico and Bodden, Eric},
	Booktitle = {Proceedings of the 2014 Ninth International Conference on Availability, Reliability and Security},
	Doi = {10.1109/ARES.2014.13},
	Isbn = {978-1-4799-4223-7},
	Keywords = {Android, Policy, System-Wide, Data Flow, Enforcement, Data-Centric},
	Numpages = {10},
	Pages = {40--49},
	Publisher = {IEEE Computer Society},
	Series = {ARES '14},
	Title = {DroidForce: Enforcing Complex, Data-centric, System-wide Policies in Android},
	Url = {http://dx.doi.org/10.1109/ARES.2014.13},
	Year = {2014},
	Bdsk-Url-1 = {http://dx.doi.org/10.1109/ARES.2014.13}}

@inproceedings{Kelley:2012:CPI:2426020.2426027,
	Acmid = {2426027},
	Address = {Berlin, Heidelberg},
	Author = {Kelley, Patrick Gage and Consolvo, Sunny and Cranor, Lorrie Faith and Jung, Jaeyeon and Sadeh, Norman and Wetherall, David},
	Booktitle = {Proceedings of the 16th International Conference on Financial Cryptography and Data Security},
	Doi = {10.1007/978-3-642-34638-5_6},
	Isbn = {978-3-642-34637-8},
	Keywords = {android, applications, information design, permissions, privacy, security, smartphone},
	Location = {Bonaire},
	Numpages = {12},
	Pages = {68--79},
	Publisher = {Springer-Verlag},
	Series = {FC'12},
	Title = {A Conundrum of Permissions: Installing Applications on an Android Smartphone},
	Url = {http://dx.doi.org/10.1007/978-3-642-34638-5_6},
	Year = {2012},
	Bdsk-Url-1 = {http://dx.doi.org/10.1007/978-3-642-34638-5_6}}
