@article{Abernethy:2007:TPM:1181849.1181888,
 author = {Abernethy, Ken and Piegari, George and Reichgelt, Han},
 title = {Teaching Project Management: An Experiential Approach},
 journal = {J. Comput. Sci. Coll.},
 issue_date = {January 2007},
 volume = {22},
 number = {3},
 month = jan,
 year = {2007},
 issn = {1937-4771},
 pages = {198--205},
 numpages = {8},
 url = {http://dl.acm.org/citation.cfm?id=1181849.1181888},
 acmid = {1181888},
 publisher = {Consortium for Computing Sciences in Colleges},
 address = {USA},
}

@incollection{Boehm1981,
 author={Boehm, Barry},
 title={Software Engineering Economics},
 publisher={Prentice-Hall},
 address={Englewood Cliffs, NJ},
 year={1981},
}

@electronic{cockburn1997,
 author={Cockburn, Alistair A.R.},
 title={Methodology Space, http://www.ctan.org/tex-archive/biblio/bibtex/contrib/doc/},
 url={http://www.ctan.org/tex-archive/biblio/bibtex/contrib/doc/},
 month={Jan},
 year={1997},
}

@electronic{mit2012,
 author = {de Weck, Olivier and Lyneis, James and Braha, Dan},
 title={System Project Management Syllabus Fall 2012, http://ocw.mit.edu/courses/engineering-systems-division/esd-36-system-project-management-fall-2012/Syllabus/},
 url={http://ocw.mit.edu/courses/engineering-systems-division/esd-36-system-project-management-fall-2012/Syllabus/},
 month={Aug},
 year={2012},
}

@electronic{Feiler2012,
 author={Feiler, Peter H. and Goodenough, John B. and Gurfinkel, Arie and Weinstock, Charles B. and Wrage, Lutz},
 title={Reliability Validation and Improvement Framework, http://www.sei.cmu.edu/reports/12sr013.pdf},
 url={http://www.sei.cmu.edu/reports/12sr013.pdf},
 month={Nov},
 year={2012},
}

@INPROCEEDINGS{1612134, 
 author={Giralt-Mas, R. and Pala-Schonwalder, P. and del Aguila-Lopez, F. and Bonet-Dalmau, J.}, 
 booktitle={Frontiers in Education, 2005. FIE '05. Proceedings 35th Annual Conference}, 
 title={Teaching project management in telecommunications engineering - introducing role-plays}, 
 year={2005}, 
 month={Oct}, 
 pages={F4C-20}, 
 keywords={educational aids;educational courses;project management;teaching;telecommunication engineering education;project management;role-plays;telecommunications engineering;Education;Educational institutions;Engineering management;Mathematics;Project management;Proposals;Teamwork;Active learning;project management;role-play;student motivation}, 
 doi={10.1109/FIE.2005.1612134}, 
 ISSN={0190-5848},
}
 
 @INPROCEEDINGS{5341212, 
 author={Goldin, S.E. and Rudahl, K.T.}, 
 booktitle={Communications and Information Technology, 2009. ISCIT 2009. 9th International Symposium on}, 
 title={Software process in the classroom: A comparative study}, 
 year={2009}, 
 month={Sept}, 
 pages={427-431}, 
 keywords={computer science education;programming;project management;software engineering;teaching;RUP paradigm;XP paradigm;agile methodology;extreme programming;project development;rational unified process;software engineering;software process paradigm;teaching;user requirement satisfaction;Application software;Computer architecture;Context modeling;Object oriented modeling;Programming profession;Software engineering;Terminology;Testing}, 
 doi={10.1109/ISCIT.2009.5341212},
}

@article{Henry:2006:IRS:1181901.1181908,
 author = {Henry, Tyson R. and LaFrance, Janine},
 title = {Integrating Role-play into Software Engineering Courses},
 journal = {J. Comput. Sci. Coll.},
 issue_date = {December 2006},
 volume = {22},
 number = {2},
 month = dec,
 year = {2006},
 issn = {1937-4771},
 pages = {32--38},
 numpages = {7},
 url = {http://dl.acm.org/citation.cfm?id=1181901.1181908},
 acmid = {1181908},
 publisher = {Consortium for Computing Sciences in Colleges},
 address = {USA},
}

@electronic{wvu2014,
 author = {Jacowitz, Lawrence},
 title={SENG 510 Software Project Management Syllabus Spring 2014, http://www.lcsee.cemr.wvu.edu/grad/msse/syllabi/ 201401\textunderscore SENG510.pdf},
 url={http://www.lcsee.cemr.wvu.edu/grad/msse/syllabi/201401_SENG510.pdf},
 month={Jan},
 year={2014},
}

@article{Kessler:2007:ITA:1227504.1227420,
 author = {Kessler, Robert and Dykman, Nathan},
 title = {Integrating Traditional and Agile Processes in the Classroom},
 journal = {SIGCSE Bull.},
 issue_date = {March 2007},
 volume = {39},
 number = {1},
 month = mar,
 year = {2007},
 issn = {0097-8418},
 pages = {312--316},
 numpages = {5},
 url = {http://doi.acm.org/10.1145/1227504.1227420},
 doi = {10.1145/1227504.1227420},
 acmid = {1227420},
 publisher = {ACM},
 address = {New York, NY, USA},
 keywords = {UML, agile, projects, software engineering education, teams},
}

@ARTICLE{107024, 
 author={Madhavji, N.H.}, 
 journal={Software Engineering Journal}, 
 title={The process cycle [software engineering]}, 
 year={1991}, 
 month={Sep}, 
 volume={6}, 
 number={5}, 
 pages={234-242}, 
 keywords={software engineering;corporate goals;human beings;large software development project;process artifacts;process cycle;software development;software environments;software life-cycle models;software process engineering}, 
 ISSN={0268-6961},}

@electronic{rit2014,
 author = {Malachowsky, Samuel},
 title={SWEN 256 Software Process and Project Management Syllabus and Schedule, http://www.se.rit.edu/~swen-256/00/index.html},
 url={http://www.se.rit.edu/~swen-256/00/index.html},
 month={Aug},
 year={2014},
}

@electronic{McConnell1996,
 author={McConnell, Steven C.},
 title={Classic Mistakes Enumerated, http://www.stevemcconnell.com/rdenum.htm},
 url={http://www.stevemcconnell.com/rdenum.htm},
 month={Jan},
 year={1996},
}
 
@INPROCEEDINGS{533976, 
 author={Oudshoorn, M.J. and Brown, AL. and Maciunas, K.J.}, 
 booktitle={Software Engineering: Education and Practice, 1996. Proceedings. International Conference}, 
 title={Simulating real-life software engineering situations in the classroom}, 
 year={1996}, 
 month={Jan}, 
 pages={20-25}, 
 keywords={computer science education;software engineering;University of Adelaide;project work;real-life software engineering situations;software engineering teaching;university environment;Computational modeling;Computer industry;Computer science;Computer science education;Employment;Hardware;Project management;Rail transportation;Real time systems;Software engineering}, 
 doi={10.1109/SEEP.1996.533976},
}

@INPROCEEDINGS{6065055, 
 author={Stamelos, I and Settas, D. and Mallini, D.}, 
 booktitle={Informatics (PCI), 2011 15th Panhellenic Conference on}, 
 title={Teaching Software Project Management through Management Antipatterns}, 
 year={2011}, 
 month={Sept}, 
 pages={8-12}, 
 keywords={computer science education;project management;software management;teaching;IT projects;future managers;innovative education;management antipattern;software project management teaching;Computer science;Educational institutions;Informatics;Project management;Software;Antipattern;classroom teaching;laboratory exercise;software project management}, 
 doi={10.1109/PCI.2011.21},
}

@article{Tadayon:2004:SEB:1050231.1050248,
 author = {Tadayon, Nasser},
 title = {Software Engineering Based on the Team Software Process with a Real World Project},
 journal = {J. Comput. Sci. Coll.},
 issue_date = {April 2004},
 volume = {19},
 number = {4},
 month = apr,
 year = {2004},
 issn = {1937-4771},
 pages = {133--142},
 numpages = {10},
 url = {http://dl.acm.org/citation.cfm?id=1050231.1050248},
 acmid = {1050248},
 publisher = {Consortium for Computing Sciences in Colleges},
 address = {USA},
 keywords = {TSP, curriculum, real world project, software engineering},
} 

@article{Tan:2008:CSC:1352627.1352651,
 author = {Tan, Joo and Jones, Mark},
 title = {A Case Study of Classroom Experience with Client-based Team Projects},
 journal = {J. Comput. Sci. Coll.},
 issue_date = {May 2008},
 volume = {23},
 number = {5},
 month = may,
 year = {2008},
 issn = {1937-4771},
 pages = {150--159},
 numpages = {10},
 url = {http://dl.acm.org/citation.cfm?id=1352627.1352651},
 acmid = {1352651},
 publisher = {Consortium for Computing Sciences in Colleges},
 address = {USA},
} 

@article{Tan:2005:RPM:1059888.1059947,
 author = {Tan, Joo and Phillips, John},
 title = {Real-world Project Management in the Academic Environment},
 journal = {J. Comput. Sci. Coll.},
 issue_date = {May 2005},
 volume = {20},
 number = {5},
 month = may,
 year = {2005},
 issn = {1937-4771},
 pages = {200--213},
 numpages = {14},
 url = {http://dl.acm.org/citation.cfm?id=1059888.1059947},
 acmid = {1059947},
 publisher = {Consortium for Computing Sciences in Colleges},
 address = {USA},
}

@electronic{Texas2012,
 author = {Thouin, Mark},
 title={Course Syllabus, MIS 6360 Software Project Management Fall 2012, http://dox.utdallas.edu/syl29333/},
 url={http://dox.utdallas.edu/syl29333},
 month={Aug},
 year={2012},
}

@article{Tuckman1965,
 author = {Tuckman, Bruce W.},
 title = {Developmental sequence in small groups},
 journal = {Psychological Bulletin},
 issue_date = {1965},
 volume = {63},
 year = {1965},
 pages = {384--399},
 numpages = {15},
 address = {USA},
}

@article{Villarreal:1998:GCS:274790.273157,
 author = {Villarreal, E. E. and Butler, Dennis},
 title = {Giving Computer Science Students Real-world Experience},
 journal = {SIGCSE Bull.},
 issue_date = {Mar. 1998},
 volume = {30},
 number = {1},
 month = mar,
 year = {1998},
 issn = {0097-8418},
 pages = {40--44},
 numpages = {5},
 url = {http://doi.acm.org/10.1145/274790.273157},
 doi = {10.1145/274790.273157},
 acmid = {273157},
 publisher = {ACM},
 address = {New York, NY, USA},
}

@article{Walker:2002:IRT:775742.775765,
 author = {Walker, Ellen L. and Slotterbeck, Oberta A.},
 title = {Incorporating Realistic Teamwork into a Small College Software Engineering Curriculum},
 journal = {J. Comput. Sci. Coll.},
 issue_date = {May 2002},
 volume = {17},
 number = {6},
 month = may,
 year = {2002},
 issn = {1937-4771},
 pages = {115--123},
 numpages = {9},
 url = {http://dl.acm.org/citation.cfm?id=775742.775765},
 acmid = {775765},
 publisher = {Consortium for Computing Sciences in Colleges},
 address = {USA},
}

@electronic{cmmi2014,
 title={CMMIFAQ, http://www.cmmifaq.info/},
 url={http://www.cmmifaq.info/},
 month={Jan},
 year={2014},
}

@electronic{antipatterns2014,
 title={Project Management AntiPatterns, http://sourcemaking.com/antipatterns/software-project-management-antipatterns},
 url={http://sourcemaking.com/antipatterns/software-project-management-antipatterns},
 month={Jan},
 year={2014},
}