% This file was created with JabRef 2.7.2.
% Encoding: ISO8859_1

@INPROCEEDINGS{Anand:2012:ACT:2393596.2393666,
  author = {Anand, Saswat and Naik, Mayur and Harrold, Mary Jean and Yang, Hongseok},
  title = {Automated Concolic Testing of Smartphone Apps},
  booktitle = {Proceedings of the ACM SIGSOFT 20th International Symposium on the
	Foundations of Software Engineering},
  year = {2012},
  series = {FSE '12},
  pages = {59:1--59:11},
  address = {New York, NY, USA},
  publisher = {ACM},
  acmid = {2393666},
  articleno = {59},
  doi = {10.1145/2393596.2393666},
  isbn = {978-1-4503-1614-9},
  keywords = {Android, GUI testing, testing event-driven programs},
  location = {Cary, North Carolina},
  numpages = {11},
  url = {http://doi.acm.org/10.1145/2393596.2393666}
}

@INPROCEEDINGS{Azim:2013:TDE:2509136.2509549,
  author = {Azim, Tanzirul and Neamtiu, Iulian},
  title = {Targeted and Depth-first Exploration for Systematic Testing of Android
	Apps},
  booktitle = {Proceedings of the 2013 ACM SIGPLAN International Conference on Object
	Oriented Programming Systems Languages \&\#38; Applications},
  year = {2013},
  series = {OOPSLA '13},
  pages = {641--660},
  address = {New York, NY, USA},
  publisher = {ACM},
  acmid = {2509549},
  doi = {10.1145/2509136.2509549},
  isbn = {978-1-4503-2374-1},
  keywords = {code coverage, dynamic analysis, google android, greybox testing,
	gui testing, systematic exploration, taint analysis, test case generation},
  location = {Indianapolis, Indiana, USA},
  numpages = {20},
  url = {http://doi.acm.org/10.1145/2509136.2509549}
}

@INPROCEEDINGS{Cadar:2011:SES:1985793.1985995,
  author = {Cadar, Cristian and Godefroid, Patrice and Khurshid, Sarfraz and
	Pasareanu, Corina S. and Sen, Koushik and Tillmann, Nikolai
	and Visser, Willem},
  title = {Symbolic Execution for Software Testing in Practice: Preliminary
	Assessment},
  booktitle = {Proceedings of the 33rd International Conference on Software Engineering},
  year = {2011},
  series = {ICSE '11},
  pages = {1066--1071},
  address = {New York, NY, USA},
  publisher = {ACM},
  acmid = {1985995},
  doi = {10.1145/1985793.1985995},
  isbn = {978-1-4503-0445-0},
  keywords = {dynamic test generation, generalized symbolic execution},
  location = {Waikiki, Honolulu, HI, USA},
  numpages = {6},
  url = {http://doi.acm.org/10.1145/1985793.1985995}
}

@MISC{Godefroid_automatedwhitebox,
  author = {Patrice Godefroid and Michael Y. Levin and David Molnar},
  title = { Automated Whitebox Fuzz Testing}
}

@INPROCEEDINGS{Jaffar:2013:BCT:2491411.2491425,
  author = {Jaffar, Joxan and Murali, Vijayaraghavan and Navas, Jorge A.},
  title = {Boosting Concolic Testing via Interpolation},
  booktitle = {Proceedings of the 2013 9th Joint Meeting on Foundations of Software
	Engineering},
  year = {2013},
  series = {ESEC/FSE 2013},
  pages = {48--58},
  address = {New York, NY, USA},
  publisher = {ACM},
  acmid = {2491425},
  doi = {10.1145/2491411.2491425},
  isbn = {978-1-4503-2237-9},
  keywords = {Concolic testing, interpolation, symbolic execution},
  location = {Saint Petersburg, Russia},
  numpages = {11},
  url = {http://doi.acm.org/10.1145/2491411.2491425}
}

@INPROCEEDINGS{Jensen:2013:ATT:2483760.2483777,
  author = {Jensen, Casper S. and Prasad, Mukul R. and M{\o}ller, Anders},
  title = {Automated Testing with Targeted Event Sequence Generation},
  booktitle = {Proceedings of the 2013 International Symposium on Software Testing
	and Analysis},
  year = {2013},
  series = {ISSTA 2013},
  pages = {67--77},
  address = {New York, NY, USA},
  publisher = {ACM},
  acmid = {2483777},
  doi = {10.1145/2483760.2483777},
  isbn = {978-1-4503-2159-4},
  keywords = {Android, Symbolic execution, mobile applications, test generation},
  location = {Lugano, Switzerland},
  numpages = {11},
  url = {http://doi.acm.org/10.1145/2483760.2483777}
}

@ARTICLE{jeon2012symdroid,
  author = {Jeon, Jinseong and Micinski, Kristopher K and Foster, Jeffrey S},
  title = {SymDroid: Symbolic execution for Dalvik bytecode},
  year = {2012}
}

@ARTICLE{King:1976:SEP:360248.360252,
  author = {King, James C.},
  title = {Symbolic Execution and Program Testing},
  journal = {Commun. ACM},
  year = {1976},
  volume = {19},
  pages = {385--394},
  number = {7},
  month = jul,
  acmid = {360252},
  address = {New York, NY, USA},
  doi = {10.1145/360248.360252},
  issn = {0001-0782},
  issue_date = {July 1976},
  keywords = {program debugging, program proving, program testing, program verification,
	symbolic execution, symbolic interpretation},
  numpages = {10},
  publisher = {ACM},
  url = {http://doi.acm.org/10.1145/360248.360252}
}

@INPROCEEDINGS{6671332,
  author = {Krutz, D.E. and Shihab, E.},
  title = {CCCD: Concolic code clone detection},
  booktitle = {Reverse Engineering (WCRE), 2013 20th Working Conference on},
  year = {2013},
  pages = {489-490},
  month = {Oct},
  doi = {10.1109/WCRE.2013.6671332},
  keywords = {program diagnostics;software maintenance;software tools;CCCD;Concolic
	Code Clone Discovery tool;clone detection tool;concolic analysis;concolic
	code clone detection;type-4 clones;Cloning;Conferences;IEEE Computer
	Society;Software;Software engineering;Software reliability}
}

@INPROCEEDINGS{4222603,
  author = {Majumdar, R. and Koushik Sen},
  title = {Hybrid Concolic Testing},
  booktitle = {Software Engineering, 2007. ICSE 2007. 29th International Conference
	on},
  year = {2007},
  pages = {416-426},
  month = {May},
  doi = {10.1109/ICSE.2007.41},
  issn = {0270-5257},
  keywords = {program debugging;program testing;search problems;CUTE;debugging;hybrid
	concolic testing;interleaving random testing;program state space;random
	search;Automatic testing;Computer bugs;Concrete;Data structures;Debugging;Interleaved
	codes;Performance evaluation;Software engineering;Software testing;State-space
	methods;concolic testing.;directed random testing}
}

@ARTICLE{vanderMerwe:2014:EPS:2557833.2560576,
  author = {van der Merwe, Heila and van der Merwe, Brink and Visser, Willem},
  title = {Execution and Property Specifications for JPF-android},
  journal = {SIGSOFT Softw. Eng. Notes},
  year = {2014},
  volume = {39},
  pages = {1--5},
  number = {1},
  month = feb,
  acmid = {2560576},
  address = {New York, NY, USA},
  doi = {10.1145/2557833.2560576},
  issn = {0163-5948},
  issue_date = {January 2014},
  keywords = {Java PathFinder, android application, model checking, runtime monitoring,
	testing, verification},
  numpages = {5},
  publisher = {ACM},
  url = {http://doi.acm.org/10.1145/2557833.2560576}
}

@ARTICLE{Mirzaei:2012:TAA:2382756.2382798,
  author = {Mirzaei, Nariman and Malek, Sam and P\u{a}s\u{a}reanu, Corina S.
	and Esfahani, Naeem and Mahmood, Riyadh},
  title = {Testing Android Apps Through Symbolic Execution},
  journal = {SIGSOFT Softw. Eng. Notes},
  year = {2012},
  volume = {37},
  pages = {1--5},
  number = {6},
  month = nov,
  acmid = {2382798},
  address = {New York, NY, USA},
  doi = {10.1145/2382756.2382798},
  issn = {0163-5948},
  issue_date = {November 2012},
  keywords = {Java Pathfinder, android, symbolic pathfinder, testing},
  numpages = {5},
  publisher = {ACM},
  url = {http://doi.acm.org/10.1145/2382756.2382798}
}

@INPROCEEDINGS{Sen:2005:CCU:1081706.1081750,
  author = {Sen, Koushik and Marinov, Darko and Agha, Gul},
  title = {CUTE: A Concolic Unit Testing Engine for C},
  booktitle = {Proceedings of the 10th European Software Engineering Conference
	Held Jointly with 13th ACM SIGSOFT International Symposium on Foundations
	of Software Engineering},
  year = {2005},
  series = {ESEC/FSE-13},
  pages = {263--272},
  address = {New York, NY, USA},
  publisher = {ACM},
  acmid = {1081750},
  doi = {10.1145/1081706.1081750},
  isbn = {1-59593-014-0},
  keywords = {concolic testing, data structure testing, explicit path model-checking,
	random testing, testing C programs, unit testing},
  location = {Lisbon, Portugal},
  numpages = {10},
  url = {http://doi.acm.org/10.1145/1081706.1081750}
}

@ARTICLE{Visser:2004:TIG:1013886.1007526,
  author = {Visser, Willem and P\v{a}s\v{a}reanu, Corina S. and Khurshid, Sarfraz},
  title = {Test Input Generation with Java PathFinder},
  journal = {SIGSOFT Softw. Eng. Notes},
  year = {2004},
  volume = {29},
  pages = {97--107},
  number = {4},
  month = jul,
  acmid = {1007526},
  address = {New York, NY, USA},
  doi = {10.1145/1013886.1007526},
  issn = {0163-5948},
  issue_date = {July 2004},
  keywords = {coverage, model checking, red-black trees, symbolic execution, testing
	object-oriented programs},
  numpages = {11},
  publisher = {ACM},
  url = {http://doi.acm.org/10.1145/1013886.1007526}
}

@INPROCEEDINGS{Yang:2013:GAA:2450312.2450338,
  author = {Yang, Wei and Prasad, Mukul R. and Xie, Tao},
  title = {A Grey-box Approach for Automated GUI-model Generation of Mobile
	Applications},
  booktitle = {Proceedings of the 16th International Conference on Fundamental Approaches
	to Software Engineering},
  year = {2013},
  series = {FASE'13},
  pages = {250--265},
  address = {Berlin, Heidelberg},
  publisher = {Springer-Verlag},
  acmid = {2450338},
  doi = {10.1007/978-3-642-37057-1_19},
  isbn = {978-3-642-37056-4},
  location = {Rome, Italy},
  numpages = {16},
  url = {http://dx.doi.org/10.1007/978-3-642-37057-1_19}
}

@INPROCEEDINGS{Zhou:2013:AWA:2484313.2484315,
  author = {Zhou, Wu and Zhang, Xinwen and Jiang, Xuxian},
  title = {AppInk: Watermarking Android Apps for Repackaging Deterrence},
  booktitle = {Proceedings of the 8th ACM SIGSAC Symposium on Information, Computer
	and Communications Security},
  year = {2013},
  series = {ASIA CCS '13},
  pages = {1--12},
  address = {New York, NY, USA},
  publisher = {ACM},
  acmid = {2484315},
  doi = {10.1145/2484313.2484315},
  isbn = {978-1-4503-1767-2},
  keywords = {app protection, app repackaging, mobile application, smartphone security,
	software watermarking},
  location = {Hangzhou, China},
  numpages = {12},
  url = {http://doi.acm.org/10.1145/2484313.2484315}
}

@article{vanderMerwe:2012:VAA:2382756.2382797,
 author = {van der Merwe, Heila and van der Merwe, Brink and Visser, Willem},
 title = {Verifying Android Applications Using Java PathFinder},
 journal = {SIGSOFT Softw. Eng. Notes},
 issue_date = {November 2012},
 volume = {37},
 number = {6},
 month = nov,
 year = {2012},
 issn = {0163-5948},
 pages = {1--5},
 numpages = {5},
 url = {http://doi.acm.org/10.1145/2382756.2382797},
 doi = {10.1145/2382756.2382797},
 acmid = {2382797},
 publisher = {ACM},
 address = {New York, NY, USA},
 keywords = {JPF, Java Pathfinder, android, automatic verification, mobile application, model checking, testing},
} 



@inproceedings{Krutz_Sac15,
 author = {Krutz, D.E. and Malachowsky, Samuel and Shihab, E.},
 title = {Examining the Effectiveness of Using Concolic Analysis to Detect Code Clones},
 booktitle = {Proceedings of the 30th Annual ACM Symposium on Applied Computing},
 series = {SAC '15},
 year = {2015},
 location = {Salamanca, Spain},
 numpages = {6},
 publisher = {ACM},
 address = {New York, NY, USA},
 } 


@inproceedings{Chen:2014:CIB:2554850.2554875,
 author = {Chen, Bing and Zeng, Qingkai and Wang, Weiguang},
 title = {Crashmaker: An Improved Binary Concolic Testing Tool for Vulnerability Detection},
 booktitle = {Proceedings of the 29th Annual ACM Symposium on Applied Computing},
 series = {SAC '14},
 year = {2014},
 isbn = {978-1-4503-2469-4},
 location = {Gyeongju, Republic of Korea},
 pages = {1257--1263},
 numpages = {7},
 url = {http://doi.acm.org.ezproxy.rit.edu/10.1145/2554850.2554875},
 doi = {10.1145/2554850.2554875},
 acmid = {2554875},
 publisher = {ACM},
 address = {New York, NY, USA},
 keywords = {binary, concolic testing, dynamic analysis, path explosion, vulnerability detection},
} 


@inproceedings{Ware:2008:SJC:1394504.1394506,
 author = {Ware, Michael S. and Fox, Christopher J.},
 title = {Securing Java Code: Heuristics and an Evaluation of Static Analysis Tools},
 booktitle = {Proceedings of the 2008 Workshop on Static Analysis},
 series = {SAW '08},
 year = {2008},
 isbn = {978-1-59593-924-1},
 location = {Tucson, Arizona},
 pages = {12--21},
 numpages = {10},
 url = {http://doi.acm.org/10.1145/1394504.1394506},
 doi = {10.1145/1394504.1394506},
 acmid = {1394506},
 publisher = {ACM},
 address = {New York, NY, USA},
 keywords = {design principles, secure code, static analysis, taxonomy},
} 
 
@inproceedings{Feng:2014:ASD:2635868.2635869,
 author = {Feng, Yu and Anand, Saswat and Dillig, Isil and Aiken, Alex},
 title = {Apposcopy: Semantics-based Detection of Android Malware Through Static Analysis},
 booktitle = {Proceedings of the 22Nd ACM SIGSOFT International Symposium on Foundations of Software Engineering},
 series = {FSE 2014},
 year = {2014},
 isbn = {978-1-4503-3056-5},
 location = {Hong Kong, China},
 pages = {576--587},
 numpages = {12},
 url = {http://doi.acm.org/10.1145/2635868.2635869},
 doi = {10.1145/2635868.2635869},
 acmid = {2635869},
 publisher = {ACM},
 address = {New York, NY, USA},
 keywords = {Android, Inter-component Call Graph, Taint Analysis},
} 

@INPROCEEDINGS{Majumdar:2007:HCT:1248820.1248874,
  author = {Majumdar, Rupak and Sen, Koushik},
  title = {Hybrid Concolic Testing},
  booktitle = {Proceedings of the 29th international conference on Software Engineering},
  year = {2007},
  series = {ICSE '07},
  pages = {416--426},
  address = {Washington, DC, USA},
  publisher = {IEEE Computer Society},
  acmid = {1248874},
  doi = {10.1109/ICSE.2007.41},
  isbn = {0-7695-2828-7},
  keywords = {directed random testing, concolic testing.},
  numpages = {11},
  url = {http://dx.doi.org/10.1109/ICSE.2007.41}
}


@article{visser2003model,
  title={Model checking programs},
  author={Visser, Willem and Havelund, Klaus and Brat, Guillaume and Park, SeungJoon and Lerda, Flavio},
  journal={Automated Software Engineering},
  volume={10},
  number={2},
  pages={203--232},
  year={2003},
  publisher={Springer}
}


@inproceedings{Blackshear:2015:DGA:2771284.2771288,
 author = {Blackshear, Sam and Gendreau, Alexandra and Chang, Bor-Yuh Evan},
 title = {Droidel: A General Approach to Android Framework Modeling},
 booktitle = {Proceedings of the 4th ACM SIGPLAN International Workshop on State Of the Art in Program Analysis},
 series = {SOAP 2015},
 year = {2015},
 isbn = {978-1-4503-3585-0},
 location = {Portland, OR, USA},
 pages = {19--25},
 numpages = {7},
 url = {http://doi.acm.org/10.1145/2771284.2771288},
 doi = {10.1145/2771284.2771288},
 acmid = {2771288},
 publisher = {ACM},
 address = {New York, NY, USA},
 keywords = {Android, framework modeling, reflection, soundness, static analysis},
}

@phdthesis{Krutz:2013:CCD:2518531,
 author = {Krutz, Daniel Edward},
 advisor = {Mitropoulos, Francisco J.},
 title = {Code Clone Discovery Based on Concolic Analysis},
 year = {2013},
 isbn = {978-1-267-95001-7},
 note = {AAI3554681},
 publisher = {Nova Southeastern University},
} 


@inproceedings{krutz2013cccd,
  title={Cccd: Concolic code clone detection},
  author={Krutz, Daniel E and Shihab, Emad},
  booktitle={Reverse Engineering (WCRE), 2013 20th Working Conference on},
  pages={489--490},
  year={2013},
  organization={IEEE}
}
