%%%% 1

@inproceedings{https://play.google.com/store/apps,
 author = {Ayewah, Nathaniel and Pugh, William and Morgenthaler, J. David and Penix, John and Zhou, YuQian},
 title = {Evaluating Static Analysis Defect Warnings on Production Software},
 booktitle = {Proceedings of the 7th ACM SIGPLAN-SIGSOFT Workshop on Program Analysis for Software Tools and Engineering},
 series = {PASTE '07},
 year = {2007},
 isbn = {978-1-59593-595-3},
 location = {San Diego, California, USA},
 pages = {1--8},
 numpages = {8},
 url = {http://doi.acm.org/10.1145/1251535.1251536},
 doi = {10.1145/1251535.1251536},
 acmid = {1251536},
 publisher = {ACM},
 address = {New York, NY, USA},
 keywords = {FindBugs, Java, bug patterns, bugs, false positives, software defects, software quality, static analysis},
} 

%%2

@inproceedings{Rutar:2004:CBF:1032654.1033833,
 author = {Rutar, Nick and Almazan, Christian B. and Foster, Jeffrey S.},
 title = {A Comparison of Bug Finding Tools for Java},
 booktitle = {Proceedings of the 15th International Symposium on Software Reliability Engineering},
 series = {ISSRE '04},
 year = {2004},
 isbn = {0-7695-2215-7},
 pages = {245--256},
 numpages = {12},
 url = {http://dx.doi.org/10.1109/ISSRE.2004.1},
 doi = {10.1109/ISSRE.2004.1},
 acmid = {1033833},
 publisher = {IEEE Computer Society},
 address = {Washington, DC, USA},
} 


@ARTICLE{159342, 
journal={IEEE Std 610.12-1990}, 
title={IEEE Standard Glossary of Software Engineering Terminology}, 
year={1990}, 
month={Dec}, 
pages={1-84}, 
keywords={glossaries;software engineering;standards;IEEE Std 610.12-1990;software engineering terminology;standard glossary;Software engineering;Standards;Terminology;Definitions;Software engineering;dictionary;glossary;terminology},
doi={10.1109/IEEESTD.1990.101064},}


@article{chess2004static,
  title={Static analysis for security},
  author={Chess, Brian and McGraw, Gary},
  journal={IEEE Security \& Privacy},
  number={6},
  pages={76--79},
  year={2004},
  publisher={IEEE}
}

@inproceedings{Ware:2008:SJC:1394504.1394506,
 author = {Ware, Michael S. and Fox, Christopher J.},
 title = {Securing Java Code: Heuristics and an Evaluation of Static Analysis Tools},
 booktitle = {Proceedings of the 2008 Workshop on Static Analysis},
 series = {SAW '08},
 year = {2008},
 isbn = {978-1-59593-924-1},
 location = {Tucson, Arizona},
 pages = {12--21},
 numpages = {10},
 url = {http://doi.acm.org.ezproxy.rit.edu/10.1145/1394504.1394506},
 doi = {10.1145/1394504.1394506},
 acmid = {1394506},
 publisher = {ACM},
 address = {New York, NY, USA},
 keywords = {design principles, secure code, static analysis, taxonomy},
} 


@article{song2015finding,
  title={Finding Tizen security bugs through whole-system static analysis},
  author={Song, Daniel and Zhao, Jisheng and Burke, Michael and Sb{\^\i}rlea, Drago{\c{s}} and Wallach, Dan and Sarkar, Vivek},
  journal={arXiv preprint arXiv:1504.05967},
  year={2015}
}

@inproceedings{johnson2013don,
  title={Why don't software developers use static analysis tools to find bugs?},
  author={Johnson, Bryant and Song, Yoonki and Murphy-Hill, Emerson and Bowdidge, Robert},
  booktitle={Software Engineering (ICSE), 2013 35th International Conference on},
  pages={672--681},
  year={2013},
  organization={IEEE}
}


@inproceedings{Feng:2014:ASD:2635868.2635869,
 author = {Feng, Yu and Anand, Saswat and Dillig, Isil and Aiken, Alex},
 title = {Apposcopy: Semantics-based Detection of Android Malware Through Static Analysis},
 booktitle = {Proceedings of the 22Nd ACM SIGSOFT International Symposium on Foundations of Software Engineering},
 series = {FSE 2014},
 year = {2014},
 isbn = {978-1-4503-3056-5},
 location = {Hong Kong, China},
 pages = {576--587},
 numpages = {12},
 url = {http://doi.acm.org.ezproxy.rit.edu/10.1145/2635868.2635869},
 doi = {10.1145/2635868.2635869},
 acmid = {2635869},
 publisher = {ACM},
 address = {New York, NY, USA},
 keywords = {Android, Inter-component Call Graph, Taint Analysis},
} 


@inproceedings{Schmeelk:2015:AMS:2746266.2746271,
 author = {Schmeelk, Suzanna and Yang, Junfeng and Aho, Alfred},
 title = {Android Malware Static Analysis Techniques},
 booktitle = {Proceedings of the 10th Annual Cyber and Information Security Research Conference},
 series = {CISR '15},
 year = {2015},
 isbn = {978-1-4503-3345-0},
 location = {Oak Ridge, TN, USA},
 pages = {5:1--5:8},
 articleno = {5},
 numpages = {8},
 url = {http://doi.acm.org.ezproxy.rit.edu/10.1145/2746266.2746271},
 doi = {10.1145/2746266.2746271},
 acmid = {2746271},
 publisher = {ACM},
 address = {New York, NY, USA},
 keywords = {Android Application Security, Cyber Security, Java, Malware Analysis, Static Analysis},
} 


@URL {jenniferscott2014,
    author = "Jennifer Scott",
     year = {2014},
    url = {http://www.computerweekly.com/news/2240212085/Android-set-to-reach-one-billion-users-in-2014},
    howpublished = {\url{http://www.computerweekly.com/news/2240212085/Android-set-to-reach-one-billion-users-in-2014}}
}

@article{khalidexamining,
  title={Examining the Relationship between FindBugs Warnings and End User Ratings: A Case Study On 10,000 Android Apps},
  author={Khalid, Haliyana and Nagappan, Meiyappan and Hassan, Asif},
  publisher={IEEE}
}

@inproceedings{Felt:2011:APD:2046707.2046779,
 author = {Felt, Adrienne Porter and Chin, Erika and Hanna, Steve and Song, Dawn and Wagner, David},
 title = {Android Permissions Demystified},
 booktitle = {Proceedings of the 18th ACM Conference on Computer and Communications Security},
 series = {CCS '11},
 year = {2011},
 isbn = {978-1-4503-0948-6},
 location = {Chicago, Illinois, USA},
 pages = {627--638},
 numpages = {12},
 url = {http://doi.acm.org/10.1145/2046707.2046779},
 doi = {10.1145/2046707.2046779},
 acmid = {2046779},
 publisher = {ACM},
 address = {New York, NY, USA},
 keywords = {android, least privilege, permissions},
} 


@inproceedings{Hu:2011:AGT:1982595.1982612,
 author = {Hu, Cuixiong and Neamtiu, Iulian},
 title = {Automating GUI Testing for Android Applications},
 booktitle = {Proceedings of the 6th International Workshop on Automation of Software Test},
 series = {AST '11},
 year = {2011},
 isbn = {978-1-4503-0592-1},
 location = {Waikiki, Honolulu, HI, USA},
 pages = {77--83},
 numpages = {7},
 url = {http://doi.acm.org/10.1145/1982595.1982612},
 doi = {10.1145/1982595.1982612},
 acmid = {1982612},
 publisher = {ACM},
 address = {New York, NY, USA},
 keywords = {empirical bug studies, google android, gui testing, mobile applications, test automation, test case generation},
}

@article{Mirzaei:2012:TAA:2382756.2382798,
 author = {Mirzaei, Nariman and Malek, Sam and P\u{a}s\u{a}reanu, Corina S. and Esfahani, Naeem and Mahmood, Riyadh},
 title = {Testing Android Apps Through Symbolic Execution},
 journal = {SIGSOFT Softw. Eng. Notes},
 issue_date = {November 2012},
 volume = {37},
 number = {6},
 month = nov,
 year = {2012},
 issn = {0163-5948},
 pages = {1--5},
 numpages = {5},
 url = {http://doi.acm.org/10.1145/2382756.2382798},
 doi = {10.1145/2382756.2382798},
 acmid = {2382798},
 publisher = {ACM},
 address = {New York, NY, USA},
 keywords = {Java Pathfinder, android, symbolic pathfinder, testing},
} 


@INPROCEEDINGS{6924298, 
author={GuangTai Liang and Jian Wang and ShaoChun Li and Rong Chang}, 
booktitle={Mobile Services (MS), 2014 IEEE International Conference on}, 
title={PatBugs: A Pattern-Based Bug Detector for Cross-platform Mobile Applications}, 
year={2014}, 
month={June}, 
pages={84-91}, 
keywords={application program interfaces;mobile computing;program debugging;API;FBPSN;JavaScript;accelerometer sensor;cross-platform apps;cross-platform development techniques;dynamic languages;event-based programming nature;flexible bug pattern specification notation;mobile app developers;mobile applications;mobile platforms;pattern-based detection approach;syntax flexibility;temporal bugs;temporal constraints;Acceleration;Accelerometers;Algorithm design and analysis;Computer bugs;Finite element analysis;Mobile communication;Navigation;bug detection;bug patterns;cross-platform techniques;mobile applications}, 
doi={10.1109/MobServ.2014.21},}

@inproceedings{Zhang:2012:AAD:2380445.2380503,
 author = {Zhang, Lide and Gordon, Mark S. and Dick, Robert P. and Mao, Z. Morley and Dinda, Peter and Yang, Lei},
 title = {ADEL: An Automatic Detector of Energy Leaks for Smartphone Applications},
 booktitle = {Proceedings of the Eighth IEEE/ACM/IFIP International Conference on Hardware/Software Codesign and System Synthesis},
 series = {CODES+ISSS '12},
 year = {2012},
 isbn = {978-1-4503-1426-8},
 location = {Tampere, Finland},
 pages = {363--372},
 numpages = {10},
 url = {http://doi.acm.org/10.1145/2380445.2380503},
 doi = {10.1145/2380445.2380503},
 acmid = {2380503},
 publisher = {ACM},
 address = {New York, NY, USA},
 keywords = {energy bugs, energy leaks, mobile application},
} 


@URL {FindBugs_URL,
 	title = {FindBugs},
 	url = {http://findbugs.sourceforge.net},
 	year = 2015,
 	howpublished = {\url{http://findbugs.sourceforge.net}}
}

@URL {AppBrain_URL,
 	title = {Number of available Android applications},
 	url = {http://www.appbrain.com/stats/number-of-android-apps},
 	howpublished = {\url{http://www.appbrain.com/stats/number-of-android-apps}},
 	year = 2015,
 	urldate = {2015-08-15}

}


@URL {AndroidLint_URL,
 	title = {Android Lint},
 	url = {http://tools.android.com/tips/lint},
 	howpublished = {\url{http://tools.android.com/tips/lint}},
 	year = 2015,
 	urldate = {2015-08-15}

}




%%5 

@URL {,
    author = "http://www.statista.com/statistics/266210/number-of-available-applications-in-the-google-play-store/",
    year   = "2015"
}

@ARTICLE{7006337, 
author={Khalid, H. and Nagappan, M. and Hassan, A.}, 
journal={Software, IEEE}, 
title={Examining the Relationship between FindBugs Warnings and End User Ratings: A Case Study On 10,000 Android Apps}, 
year={2015}, 
month={}, 
volume={PP}, 
number={99}, 
pages={1-1}, 
keywords={Androids;Computer bugs;Google;Humanoid robots;Libraries;Mobile communication;Software}, 
doi={10.1109/MS.2015.29}, 
ISSN={0740-7459},}


@inproceedings{Thung:2012:EWD:2351676.2351685,
 author = {Thung, Ferdian and Lucia and Lo, David and Jiang, Lingxiao and Rahman, Foyzur and Devanbu, Premkumar T.},
 title = {To What Extent Could We Detect Field Defects? An Empirical Study of False Negatives in Static Bug Finding Tools},
 booktitle = {Proceedings of the 27th IEEE/ACM International Conference on Automated Software Engineering},
 series = {ASE 2012},
 year = {2012},
 isbn = {978-1-4503-1204-2},
 location = {Essen, Germany},
 pages = {50--59},
 numpages = {10},
 url = {http://doi.acm.org.ezproxy.rit.edu/10.1145/2351676.2351685},
 doi = {10.1145/2351676.2351685},
 acmid = {2351685},
 publisher = {ACM},
 address = {New York, NY, USA},
 keywords = {Static bug-finding tools, false negatives, field defects},
} 


@INPROCEEDINGS{6224306, 
author={Harman, M. and Yue Jia and Yuanyuan Zhang}, 
booktitle={Mining Software Repositories (MSR), 2012 9th IEEE Working Conference on}, 
title={App store mining and analysis: MSR for app stores}, 
year={2012}, 
month={June}, 
pages={108-111}, 
keywords={data mining;pricing;software development management;software packages;Blackberry app store;app download;app store MSR;app store analysis;app store mining;business aspect;customer aspect;customer rating;customer review;data mining;feature information extraction;pricing;software repository mining;technical aspect;Business;Clustering algorithms;Correlation;Data mining;Feature extraction;Measurement;Software}, 
doi={10.1109/MSR.2012.6224306}, 
ISSN={2160-1852},}

@inproceedings{banerjee2013static,
  title={Static analysis driven cache performance testing},
  author={Banerjee, Adrish and Chattopadhyay, Subrata and Roychoudhury, Abhik},
  booktitle={Real-Time Systems Symposium (RTSS), 2013 IEEE 34th},
  pages={319--329},
  year={2013},
  organization={IEEE}
}

@misc{joshi2014reducing,
  title={Reducing false alarms for static analysis of concurrent programs},
  author={Joshi, Saurabh and Lahiri, Shuvendu K and Lal, Akash},
  year={2014},
  month=jul # "~29",
  publisher={Google Patents},
  note={US Patent 8,793,664}
}


@inproceedings{Nagappan:2005:SAT:1062455.1062558,
 author = {Nagappan, Nachiappan and Ball, Thomas},
 title = {Static Analysis Tools As Early Indicators of Pre-release Defect Density},
 booktitle = {Proceedings of the 27th International Conference on Software Engineering},
 series = {ICSE '05},
 year = {2005},
 isbn = {1-58113-963-2},
 location = {St. Louis, MO, USA},
 pages = {580--586},
 numpages = {7},
 url = {http://doi.acm.org.ezproxy.rit.edu/10.1145/1062455.1062558},
 doi = {10.1145/1062455.1062558},
 acmid = {1062558},
 publisher = {ACM},
 address = {New York, NY, USA},
 keywords = {defect density, fault-proneness, static analysis tools, statistical methods},
} 

@ARTICLE{4602670, 
author={Ayewah, N. and Hovemeyer, D. and Morgenthaler, J.D. and Penix, J. and Pugh, William}, 
journal={Software, IEEE}, 
title={Using Static Analysis to Find Bugs}, 
year={2008}, 
month={Sept}, 
volume={25}, 
number={5}, 
pages={22-29}, 
keywords={Java;SQL;public domain software;security of data;software engineering;FindBugs;Java;SQL injection;open source static-analysis tool;runtime errors;security violations;software development;Computer bugs;Educational institutions;Java;Open source software;Production;Programming;Security;Software quality;Software tools;Testing;FindBugs;bug patterns;code quality;software defects;software quality;static analysis}, 
doi={10.1109/MS.2008.130}, 
ISSN={0740-7459},}


@article{Bessey:2010:FBL:1646353.1646374,
 author = {Bessey, Al and Block, Ken and Chelf, Ben and Chou, Andy and Fulton, Bryan and Hallem, Seth and Henri-Gros, Charles and Kamsky, Asya and McPeak, Scott and Engler, Dawson},
 title = {A Few Billion Lines of Code Later: Using Static Analysis to Find Bugs in the Real World},
 journal = {Commun. ACM},
 issue_date = {February 2010},
 volume = {53},
 number = {2},
 month = feb,
 year = {2010},
 issn = {0001-0782},
 pages = {66--75},
 numpages = {10},
 url = {http://doi.acm.org/10.1145/1646353.1646374},
 doi = {10.1145/1646353.1646374},
 acmid = {1646374},
 publisher = {ACM},
 address = {New York, NY, USA},
} 
