@inproceedings{Petkovic:2006:TPS:1140124.1140202,
 author = {Petkovic, Dragutin and Thompson, Gary and Todtenhoefer, Rainer},
 title = {Teaching Practical Software Engineering and Global Software Engineering: Evaluation and Comparison},
 booktitle = {Proceedings of the 11th Annual SIGCSE Conference on Innovation and Technology in Computer Science Education},
 series = {ITICSE '06},
 year = {2006},
 isbn = {1-59593-055-8},
 location = {Bologna, Italy},
 pages = {294--298},
 numpages = {5},
 url = {http://doi.acm.org/10.1145/1140124.1140202},
 doi = {10.1145/1140124.1140202},
 acmid = {1140202},
 publisher = {ACM},
 address = {New York, NY, USA},
 keywords = {global software engineering, software engineering, software engineering education},
} 

@article{Guo:2009:GPS:1516546.1516579,
 author = {Guo, Jiang},
 title = {Group Projects in Software Engineering Education},
 journal = {J. Comput. Sci. Coll.},
 issue_date = {April 2009},
 volume = {24},
 number = {4},
 month = apr,
 year = {2009},
 issn = {1937-4771},
 pages = {196--202},
 numpages = {7},
 url = {http://dl.acm.org/citation.cfm?id=1516546.1516579},
 acmid = {1516579},
 publisher = {Consortium for Computing Sciences in Colleges},
 address = {USA},
} 


@article{fui2001critical,
  title={Critical factors for successful implementation of enterprise systems},
  author={Fui-Hoon Nah, Fiona and Lee-Shang Lau, Janet and Kuang, Jinghua},
  journal={Business process management journal},
  volume={7},
  number={3},
  pages={285--296},
  year={2001},
  publisher={MCB UP Ltd}
}

@book{Fowler:2002:PEA:579257,
 author = {Fowler, Martin},
 title = {Patterns of Enterprise Application Architecture},
 year = {2002},
 isbn = {0321127420},
 publisher = {Addison-Wesley Longman Publishing Co., Inc.},
 address = {Boston, MA, USA},
} 

@inproceedings{Wang:2015:DTL:2714576.2714613,
 author = {Wang, Jun and Qian, Zhiyun and Li, Zhichun and Wu, Zhenyu and Rhee, Junghwan and Ning, Xia and Liu, Peng and Jiang, Guofei},
 title = {Discover and Tame Long-running Idling Processes in Enterprise Systems},
 booktitle = {Proceedings of the 10th ACM Symposium on Information, Computer and Communications Security},
 series = {ASIA CCS '15},
 year = {2015},
 isbn = {978-1-4503-3245-3},
 location = {Singapore, Republic of Singapore},
 pages = {543--554},
 numpages = {12},
 url = {http://doi.acm.org.ezproxy.rit.edu/10.1145/2714576.2714613},
 doi = {10.1145/2714576.2714613},
 acmid = {2714613},
 publisher = {ACM},
 address = {New York, NY, USA},
 keywords = {attack surface reduction, autocorrelation, enterprise systems, idling service detection},
} 

@article{Ocker:2009:TSW:1513593.1513599,
 author = {Ocker, Rosalie and Rosson, Mary Beth and Kracaw, Dana and Hiltz, S. Roxanne},
 title = {Training Students to Work Effectively in Partially Distributed Teams},
 journal = {Trans. Comput. Educ.},
 issue_date = {March 2009},
 volume = {9},
 number = {1},
 month = mar,
 year = {2009},
 issn = {1946-6226},
 pages = {6:1--6:24},
 articleno = {6},
 numpages = {24},
 url = {http://doi.acm.org/10.1145/1513593.1513599},
 doi = {10.1145/1513593.1513599},
 acmid = {1513599},
 publisher = {ACM},
 address = {New York, NY, USA},
 keywords = {Virtual teams, distributed teams, partially distributed teams},
}

@inproceedings{Henry:2013:CES:2445196.2445387,
 author = {Henry, Tyson R.},
 title = {Creating Effective Student Groups: An Introduction to Groupformation.Org},
 booktitle = {Proceeding of the 44th ACM Technical Symposium on Computer Science Education},
 series = {SIGCSE '13},
 year = {2013},
 isbn = {978-1-4503-1868-6},
 location = {Denver, Colorado, USA},
 pages = {645--650},
 numpages = {6},
 url = {http://doi.acm.org/10.1145/2445196.2445387},
 doi = {10.1145/2445196.2445387},
 acmid = {2445387},
 publisher = {ACM},
 address = {New York, NY, USA},
 keywords = {group fromation, grouping, groupware, student groups, student teams, team formation},
} 



@inproceedings{Tarr:1999:NDS:302405.302457,
 author = {Tarr, Peri and Ossher, Harold and Harrison, William and Sutton,Jr., Stanley M.},
 title = {N Degrees of Separation: Multi-dimensional Separation of Concerns},
 booktitle = {Proceedings of the 21st International Conference on Software Engineering},
 series = {ICSE '99},
 year = {1999},
 isbn = {1-58113-074-0},
 location = {Los Angeles, California, USA},
 pages = {107--119},
 numpages = {13},
 url = {http://doi.acm.org.ezproxy.rit.edu/10.1145/302405.302457},
 doi = {10.1145/302405.302457},
 acmid = {302457},
 publisher = {ACM},
 address = {New York, NY, USA},
 keywords = {hypermodules, hyperslices, multi-dimensional separation of concerns, software decomposition and composition},
} 

