@article{journals/corr/LiangMH13,
  author = {Liang, Shuying and Might, Matthew and Horn, David Van},
  biburl = {http://www.bibsonomy.org/bibtex/27d1675bf2dc5cb9fbd0c8cbf5c557ac1/dblp},
  ee = {http://arxiv.org/abs/1311.4198},
  interhash = {69b93424b08ee821017adf2369987d06},
  intrahash = {7d1675bf2dc5cb9fbd0c8cbf5c557ac1},
  journal = {CoRR},
  keywords = {dblp},
  timestamp = {2013-12-03T00:00:00.000+0100},
  title = {AnaDroid: Malware Analysis of Android with User-supplied Predicates.},
  url = {http://dblp.uni-trier.de/db/journals/corr/corr1311.html#LiangMH13},
  volume = {abs/1311.4198},
  year = 2013
}


@incollection{huang2013framework,
  title={A Framework for Evaluating Mobile App Repackaging Detection Algorithms},
  author={Huang, Heqing and Zhu, Sencun and Liu, Peng and Wu, Dinghao},
  booktitle={Trust and Trustworthy Computing},
  pages={169--186},
  year={2013},
  publisher={Springer}
}


@inproceedings{zhou2012detecting,
  title={Detecting repackaged smartphone applications in third-party android marketplaces},
  author={Zhou, Wu and Zhou, Yajin and Jiang, Xuxian and Ning, Peng},
  booktitle={Proceedings of the second ACM conference on Data and Application Security and Privacy},
  pages={317--326},
  year={2012},
  organization={ACM}
}

@inproceedings{Truong:2014:CYK:2566486.2568046,
 author = {Truong, Hien Thi Thu and Lagerspetz, Eemil and Nurmi, Petteri and Oliner, Adam J. and Tarkoma, Sasu and Asokan, N. and Bhattacharya, Sourav},
 title = {The Company You Keep: Mobile Malware Infection Rates and Inexpensive Risk Indicators},
 booktitle = {Proceedings of the 23rd International Conference on World Wide Web},
 series = {WWW '14},
 year = {2014},
 isbn = {978-1-4503-2744-2},
 location = {Seoul, Korea},
 pages = {39--50},
 numpages = {12},
 url = {http://doi.acm.org/10.1145/2566486.2568046},
 doi = {10.1145/2566486.2568046},
 acmid = {2568046},
 publisher = {ACM},
 address = {New York, NY, USA},
 keywords = {android, infection rate, malware detection, mobile malware},
} 


@inproceedings{Zhang:2014:VTO:2627393.2627395,
 author = {Zhang, Fangfang and Huang, Heqing and Zhu, Sencun and Wu, Dinghao and Liu, Peng},
 title = {ViewDroid: Towards Obfuscation-resilient Mobile Application Repackaging Detection},
 booktitle = {Proceedings of the 2014 ACM Conference on Security and Privacy in Wireless \&\#38; Mobile Networks},
 series = {WiSec '14},
 year = {2014},
 isbn = {978-1-4503-2972-9},
 location = {Oxford, United Kingdom},
 pages = {25--36},
 numpages = {12},
 url = {http://doi.acm.org/10.1145/2627393.2627395},
 doi = {10.1145/2627393.2627395},
 acmid = {2627395},
 publisher = {ACM},
 address = {New York, NY, USA},
 keywords = {mobile application, obfuscation resilient, repackaging, user interface},
} 

@inproceedings{Zhou:2012:DAM:2310656.2310710,
 author = {Zhou, Yajin and Jiang, Xuxian},
 title = {Dissecting Android Malware: Characterization and Evolution},
 booktitle = {Proceedings of the 2012 IEEE Symposium on Security and Privacy},
 series = {SP '12},
 year = {2012},
 isbn = {978-0-7695-4681-0},
 pages = {95--109},
 numpages = {15},
 url = {http://dx.doi.org/10.1109/SP.2012.16},
 doi = {10.1109/SP.2012.16},
 acmid = {2310710},
 publisher = {IEEE Computer Society},
 address = {Washington, DC, USA},
 keywords = {Android malware, smartphone security},
} 
