@INPROCEEDINGS{Felt:2011:APD:2046707.2046779,
  author = {Felt, Adrienne Porter and Chin, Erika and Hanna, Steve and Song,
  Dawn and Wagner, David},
  title = {Android Permissions Demystified},
  booktitle = {Proceedings of the 18th ACM Conference on Computer and Communications
  Security},
  year = {2011},
  series = {CCS '11},
  pages = {627--638},
  address = {New York, NY, USA},
  publisher = {ACM},
  acmid = {2046779},
  doi = {10.1145/2046707.2046779},
  isbn = {978-1-4503-0948-6},
  keywords = {android, least privilege, permissions},
  location = {Chicago, Illinois, USA},
  numpages = {12},
  url = {http://doi.acm.org/10.1145/2046707.2046779}
}



@INPROCEEDINGS{Sarma:2012:APP:2295136.2295141,
  author = {Sarma, Bhaskar Pratim and Li, Ninghui and Gates, Chris and Potharaju,
  Rahul and Nita-Rotaru, Cristina and Molloy, Ian},
  title = {Android Permissions: A Perspective Combining Risks and Benefits},
  booktitle = {Proceedings of the 17th ACM Symposium on Access Control Models and
  Technologies},
  year = {2012},
  series = {SACMAT '12},
  pages = {13--22},
  address = {New York, NY, USA},
  publisher = {ACM},
  acmid = {2295141},
  doi = {10.1145/2295136.2295141},
  isbn = {978-1-4503-1295-0},
  keywords = {android, malware},
  location = {Newark, New Jersey, USA},
  numpages = {10},
  url = {http://doi.acm.org/10.1145/2295136.2295141}
}


@ARTICLE{Viennot:2014:MSG:2637364.2592003,
  author = {Viennot, Nicolas and Garcia, Edward and Nieh, Jason},
  title = {A Measurement Study of Google Play},
  journal = {SIGMETRICS Perform. Eval. Rev.},
  year = {2014},
  volume = {42},
  pages = {221--233},
  number = {1},
  month = jun,
  acmid = {2592003},
  address = {New York, NY, USA},
  doi = {10.1145/2637364.2592003},
  issn = {0163-5999},
  issue_date = {June 2014},
  keywords = {android, authentication, clone detection, decompilation, google play,
  mobile computing, oauth, security},
  numpages = {13},
  publisher = {ACM},
  url = {http://doi.acm.org/10.1145/2637364.2592003}
}


@ELECTRONIC{scrapy_URL,
  title = {Scrapy},
  howpublished = {http://scrapy.org},
  url = {http://scrapy.org},
  owner = {dan},
  timestamp = {2014.06.13}
}

@ELECTRONIC{listofstores_URL,
  title = {List of Android App Stores},
  howpublished = {\url{http://www.onepf.org/appstores/}},
  url = {http://www.onepf.org/appstores/},
  owner = {dan},
  timestamp = {2014.06.13}
}

@CONFERENCE{Lee_2013,
  author = {Sung-Hoon Lee and Seung-Hun Jin},
  title = {Warning System for Detecting Malicious Applications on Android System},
  booktitle = {International Journal of Computer and Communication Engineering},
  year = {2013},
  owner = {dkrutz},
  timestamp = {2014.05.14}
}

@ARTICLE{6687155,
  author = {Yerima, S.Y. and Sezer, S. and McWilliams, G.},
  title = {Analysis of Bayesian classification-based approaches for Android
  malware detection},
  journal = {Information Security, IET},
  year = {2014},
  volume = {8},
  pages = {25-36},
  number = {1},
  month = {Jan},
  doi = {10.1049/iet-ifs.2013.0095},
  issn = {1751-8709},
  keywords = {invasive software;learning (artificial intelligence);operating system
  kernels;pattern classification;smart phones;Android malware detection;machine
  learning;mobile malware;signature based scanning;smartphones;static
  analysis;static analytic Bayesian classification}
}

@misc{apvrille2012android,
  title={Android Reverse Engineering Tools},
  author={Apvrille, Axelle},
  year={2012},
  publisher={InsomniHack}
}

@article{chawla2014transfiguring,
  title={Transfiguring of an Android App Using Reverse Engineering},
  author={Chawla, Taranjeet Kaur and Kajala, Aditi},
  year={2014}
}


@inproceedings{li2006using,
  title={Using peer review to assess coding standards-a case study},
  author={Li, Xiaosong},
  booktitle={Frontiers in education conference, 36th annual},
  pages={9--14},
  year={2006},
  organization={IEEE}
}

@inproceedings{Li:2005:ETC:1095714.1095770,
 author = {Li, Xiaosong and Prasad, Christine},
 title = {Effectively Teaching Coding Standards in Programming},
 booktitle = {Proceedings of the 6th Conference on Information Technology Education},
 series = {SIGITE '05},
 year = {2005},
 isbn = {1-59593-252-6},
 location = {Newark, NJ, USA},
 pages = {239--244},
 numpages = {6},
 url = {http://doi.acm.org.ezproxy.rit.edu/10.1145/1095714.1095770},
 doi = {10.1145/1095714.1095770},
 acmid = {1095770},
 publisher = {ACM},
 address = {New York, NY, USA},
 keywords = {coding standards, teaching programming},
} 

@INPROCEEDINGS{rutar2004comparison,
  author = {Rutar, Nick and Almazan, Christian B and Foster, Jeffrey S},
  title = {A comparison of bug finding tools for Java},
  booktitle = {Software Reliability Engineering, 2004. ISSRE 2004. 15th International
  Symposium on},
  year = {2004},
  pages = {245--256},
  organization = {IEEE}
}

@ARTICLE{saltzer1975protection,
  author = {Saltzer, Jerome H and Schroeder, Michael D},
  title = {The protection of information in computer systems},
  journal = {Proceedings of the IEEE},
  year = {1975},
  volume = {63},
  pages = {1278--1308},
  number = {9},
  publisher = {IEEE}
}

@INPROCEEDINGS{6698893,
  author = {Xu, Wei and Zhang, Fangfang and Zhu, Sencun},
  title = {Permlyzer: Analyzing permission usage in Android applications},
  booktitle = {Software Reliability Engineering (ISSRE), 2013 IEEE 24th International
  Symposium on},
  year = {2013},
  pages = {400-410},
  doi = {10.1109/ISSRE.2013.6698893}
}


@ELECTRONIC{keytool1_URL,
  title = {keytool - Key and Certificate Management Tool},
  howpublished = {\url{https://docs.oracle.com/javase/6/docs/technotes/tools/windows/keytool.html}},
  url = {\url{https://docs.oracle.com/javase/6/docs/technotes/tools/windows/keytool.html}},
  timestamp = {2015.06.1}
}

@ELECTRONIC{contagio_url,
  title = {Contagio Mobile},
  howpublished = {http://contagiominidump.blogspot.com},
  owner = {dan},
  timestamp = {2014.06.13}
}

@INPROCEEDINGS{Zhou:2012:DAM:2310656.2310710,
  author = {Zhou, Yajin and Jiang, Xuxian},
  title = {Dissecting Android Malware: Characterization and Evolution},
  booktitle = {Proceedings of the 2012 IEEE Symposium on Security and Privacy},
  year = {2012},
  series = {SP '12},
  pages = {95--109},
  address = {Washington, DC, USA},
  publisher = {IEEE Computer Society},
  acmid = {2310710},
  doi = {10.1109/SP.2012.16},
  isbn = {978-0-7695-4681-0},
  keywords = {Android malware, smartphone security},
  numpages = {15},
  url = {http://dx.doi.org/10.1109/SP.2012.16}
}


@inproceedings{felt2011survey,
  title={A survey of mobile malware in the wild},
  author={Felt, Adrienne Porter and Finifter, Matthew and Chin, Erika and Hanna, Steve and Wagner, David},
  booktitle={Proceedings of the 1st ACM workshop on Security and privacy in smartphones and mobile devices},
  pages={3--14},
  year={2011},
  organization={ACM}
}

@ELECTRONIC{tynan_dan_report:_2015,
  title = {Report: 1 in 5 {Android} {Apps} {Is} {Malware}},
  url = {https://www.yahoo.com/tech/report-one-in-five-android-apps-is-malware-117202610899.html},
  howpublished = {\url{https://www.yahoo.com/tech/report-one-in-five-android-apps-is-malware-117202610899.html}},
  urldate = {2015-07-01},
  author = {Tynan, Dan},
  month = apr,
  year = {2015}
}


@INPROCEEDINGS{Vidas11curbingandroid,
  author = {Timothy Vidas and Nicolas Christin and Lorrie Faith Cranor},
  title = {Curbing Android Permission Creep},
  booktitle = {In W2SP},
  year = {2011}
}


@INPROCEEDINGS{6613857,
  author = {Uddin, M.S. and Roy, C.K. and Schneider, K.A.},
  title = {SimCad: An extensible and faster clone detection tool for large scale
  software systems},
  booktitle = {Program Comprehension (ICPC), 2013 IEEE 21st International Conference
  on},
  year = {2013},
  pages = {236-238},
  month = {May},
  doi = {10.1109/ICPC.2013.6613857},
  issn = {1063-6897},
  keywords = {software engineering;software libraries;IDE;SimCad;SimLib;clone detection
  tool;clone management functionalities;code cloning;integrated development
  environment;large scale software systems;off-the-shelf clone detection
  library;software systems evolution;Cloning;Graphical user interfaces;Java;Libraries;Software
  systems;XML}
}


@inproceedings{Liu:2014:TPA:2634434.2635084,
 author = {Liu, Xing and Liu, Jiqiang},
 title = {A Two-Layered Permission-Based Android Malware Detection Scheme},
 booktitle = {Proceedings of the 2014 2Nd IEEE International Conference on Mobile Cloud Computing, Services, and Engineering},
 series = {MOBILECLOUD '14},
 year = {2014},
 isbn = {978-1-4799-4425-5},
 pages = {142--148},
 numpages = {7},
 url = {http://dx.doi.org/10.1109/MobileCloud.2014.22},
 doi = {10.1109/MobileCloud.2014.22},
 acmid = {2635084},
 publisher = {IEEE Computer Society},
 address = {Washington, DC, USA},
 keywords = {Android permission, machine learning, malware detection},
} 


@inproceedings{Feng:2014:ASD:2635868.2635869,
 author = {Feng, Yu and Anand, Saswat and Dillig, Isil and Aiken, Alex},
 title = {Apposcopy: Semantics-based Detection of Android Malware Through Static Analysis},
 booktitle = {Proceedings of the 22Nd ACM SIGSOFT International Symposium on Foundations of Software Engineering},
 series = {FSE 2014},
 year = {2014},
 isbn = {978-1-4503-3056-5},
 location = {Hong Kong, China},
 pages = {576--587},
 numpages = {12},
 url = {http://doi.acm.org/10.1145/2635868.2635869},
 doi = {10.1145/2635868.2635869},
 acmid = {2635869},
 publisher = {ACM},
 address = {New York, NY, USA},
 keywords = {Android, Inter-component Call Graph, Taint Analysis},
}


@inproceedings{Rastogi:2013:DEA:2484313.2484355,
 author = {Rastogi, Vaibhav and Chen, Yan and Jiang, Xuxian},
 title = {DroidChameleon: Evaluating Android Anti-malware Against Transformation Attacks},
 booktitle = {Proceedings of the 8th ACM SIGSAC Symposium on Information, Computer and Communications Security},
 series = {ASIA CCS '13},
 year = {2013},
 isbn = {978-1-4503-1767-2},
 location = {Hangzhou, China},
 pages = {329--334},
 numpages = {6},
 url = {http://doi.acm.org/10.1145/2484313.2484355},
 doi = {10.1145/2484313.2484355},
 acmid = {2484355},
 publisher = {ACM},
 address = {New York, NY, USA},
 keywords = {android, anti-malware, malware, mobile},
} 

@inproceedings{Grace:2012:UEA:2185448.2185464,
 author = {Grace, Michael C. and Zhou, Wu and Jiang, Xuxian and Sadeghi, Ahmad-Reza},
 title = {Unsafe Exposure Analysis of Mobile In-app Advertisements},
 booktitle = {Proceedings of the Fifth ACM Conference on Security and Privacy in Wireless and Mobile Networks},
 series = {WISEC '12},
 year = {2012},
 isbn = {978-1-4503-1265-3},
 location = {Tucson, Arizona, USA},
 pages = {101--112},
 numpages = {12},
 url = {http://doi.acm.org/10.1145/2185448.2185464},
 doi = {10.1145/2185448.2185464},
 acmid = {2185464},
 publisher = {ACM},
 address = {New York, NY, USA},
 keywords = {in-app advertisement, privacy, smartphone},
} 


@ELECTRONIC{appbrain_URL,
  title = {Number of Android applications},
  howpublished = {\url{http://www.appbrain.com/stats/number-of-android-apps}},
  url = {\url{http://www.appbrain.com/stats/number-of-android-apps}},
  timestamp = {2016.02.19}
}


@INPROCEEDINGS{7332475, 
author={F. Palomba and M. Linares-Vasquez and G. Bavota and R. Oliveto and M. Di Penta and D. Poshyvanyk and A. De Lucia}, 
booktitle={Software Maintenance and Evolution (ICSME), 2015 IEEE International Conference on}, 
title={User reviews matter! Tracking crowdsourced reviews to support evolution of successful apps}, 
year={2015}, 
pages={291-300}, 
keywords={mobile computing;recommender systems;source code (software);Android apps;CRISTAL;app stores;crowd request;crowdsourced review tracking;informative crowd review tracing;mobile apps;ratings;source code change;specialized recommendation systems;user reaction;user review;Androids;Entropy;Feature extraction;Humanoid robots;Joining processes;Monitoring;Planning}, 
doi={10.1109/ICSM.2015.7332475}, 
month={Sept},}


@article{khalid2015examining,
  title={Examining the relationship between findbugs warnings and end user ratings: A case study on 10,000 android apps},
  author={Khalid, Haliyana and Nagappan, Meiyappan and Hassan, Asif},
  year={2015},
  publisher={IEEE}
}

@inproceedings{panichella2015can,
  title={How can i improve my app? classifying user reviews for software maintenance and evolution},
  author={Panichella, Sebastiano and Di Sorbo, Andrea and Guzman, Emitza and Visaggio, Corrado A and Canfora, Gerardo and Gall, Harald C},
  booktitle={Software Maintenance and Evolution (ICSME), 2015 IEEE International Conference on},
  pages={281--290},
  year={2015},
  organization={IEEE}
}

@INPROCEEDINGS{Felt:2011:EAP:2002168.2002175,
  author = {Felt, Adrienne Porter and Greenwood, Kate and Wagner, David},
  title = {The Effectiveness of Application Permissions},
  booktitle = {Proceedings of the 2Nd USENIX Conference on Web Application Development},
  year = {2011},
  series = {WebApps'11},
  pages = {7--7},
  address = {Berkeley, CA, USA},
  publisher = {USENIX Association},
  acmid = {2002175},
  location = {Portland, OR},
  numpages = {1},
  url = {http://dl.acm.org/citation.cfm?id=2002168.2002175}
}


@ELECTRONIC{OSMarketShare_URL,
  title = {iPhone lost market share to Android in every major market except one},
  author = {Jim Edwards},
  year = {2016},
  month={January},
  day={27},
  howpublished = {\url{http://www.businessinsider.com/apple-ios-v-android-market-share-2016-1?r=UK&IR=T}},
  url = {\url{http://www.businessinsider.com/apple-ios-v-android-market-share-2016-1?r=UK&IR=T}},
  urldate = {2016-02-15}
}

@ELECTRONIC{AndroidSystemPermissions_URL,
  title = {System Permissions},
  howpublished = {\url{http://developer.android.com/guide/topics/security/permissions.html}},
  url = {\url{http://developer.android.com/guide/topics/security/permissions.html}},
  urldate = {2016-02-15}
}

@ELECTRONIC{statistica_url,
  title = {Number of apps available in leading app stores as of November 2015},
  howpublished = {\url{http://www.statista.com/statistics/266210/number-of-available-applications-in-the-google-play-store/}},
  url = {\url{http://www.statista.com/statistics/266210/number-of-available-applications-in-the-google-play-store/}},
  timestamp = {2015.08.25}
}

@INPROCEEDINGS{Au:2012:PAA:2382196.2382222,
  author = {Au, Kathy Wain Yee and Zhou, Yi Fan and Huang, Zhen and Lie, David},
  title = {PScout: Analyzing the Android Permission Specification},
  booktitle = {Proceedings of the 2012 ACM Conference on Computer and Communications
  Security},
  year = {2012},
  series = {CCS '12},
  pages = {217--228},
  address = {New York, NY, USA},
  publisher = {ACM},
  acmid = {2382222},
  doi = {10.1145/2382196.2382222},
  isbn = {978-1-4503-1651-4},
  keywords = {android, permissions, smartphone},
  location = {Raleigh, North Carolina, USA},
  numpages = {12},
  url = {http://doi.acm.org/10.1145/2382196.2382222}
}


@INPROCEEDINGS{Pearce:2012:APS:2414456.2414498,
  author = {Pearce, Paul and Felt, Adrienne Porter and Nunez, Gabriel and Wagner,
  David},
  title = {AdDroid: Privilege Separation for Applications and Advertisers in
  Android},
  booktitle = {Proceedings of the 7th ACM Symposium on Information, Computer and
  Communications Security},
  year = {2012},
  series = {ASIACCS '12},
  pages = {71--72},
  address = {New York, NY, USA},
  publisher = {ACM},
  acmid = {2414498},
  doi = {10.1145/2414456.2414498},
  isbn = {978-1-4503-1648-4},
  location = {Seoul, Korea},
  numpages = {2},
  url = {http://doi.acm.org/10.1145/2414456.2414498}
}

@MISC{Stevens_investigatinguser,
  author = {Ryan Stevens and Clint Gibler and Jon Crussell and Jeremy Erickson
  and Hao Chen},
  title = {Investigating User Privacy in Android Ad Libraries}
}

@ARTICLE{jeon2011dr,
  author = {Jeon, Jinseong and Micinski, Kristopher K and Vaughan, Jeffrey A
  and Reddy, Nikhilesh and Zhu, Yixin and Foster, Jeffrey S and Millstein,
  Todd},
  title = {Dr. Android and Mr. Hide: Fine-grained security policies on unmodified
  Android},
  year = {2011}
}

@INPROCEEDINGS{zhang2013vetting,
  author = {Zhang, Yuan and Yang, Min and Xu, Bingquan and Yang, Zhemin and Gu,
  Guofei and Ning, Peng and Wang, X Sean and Zang, Binyu},
  title = {Vetting undesirable behaviors in android apps with permission use
  analysis},
  booktitle = {Proceedings of the 2013 ACM SIGSAC conference on Computer \& communications
  security},
  year = {2013},
  pages = {611--622},
  organization = {ACM}
}

@ELECTRONIC{youtube_usage_URL,
  title = {MPerm Video Demo},
  howpublished = {\url{https://youtu.be/Wz6L2D3dFKs}},
  url = {https://youtu.be/Wz6L2D3dFKs},
  timestamp = {2016.06.13}
}

@article{book2013longitudinal,
  title={Longitudinal analysis of android ad library permissions},
  author={Book, Theodore and Pridgen, Adam and Wallach, Dan S},
  journal={arXiv preprint arXiv:1303.0857},
  year={2013}
}


@INPROCEEDINGS{6693128, 
author={S. Holavanalli and D. Manuel and V. Nanjundaswamy and B. Rosenberg and F. Shen and S. Y. Ko and L. Ziarek}, 
booktitle={Automated Software Engineering (ASE), 2013 IEEE/ACM 28th International Conference on}, 
title={Flow Permissions for Android}, 
year={2013}, 
pages={652-657}, 
keywords={Android (operating system);Android permission mechanism;flow permissions;information flows;semantic information;Androids;Browsers;Humanoid robots;Java;MySpace;Seals;Smart phones}, 
doi={10.1109/ASE.2013.6693128}, 
month={Nov},}


@inproceedings{pandita2013whyper,
  title={WHYPER: Towards Automating Risk Assessment of Mobile Applications.},
  author={Pandita, Rahul and Xiao, Xusheng and Yang, Wei and Enck, William and Xie, Tao},
  booktitle={USENIX Security},
  volume={13},
  year={2013}
}

@INPROCEEDINGS{Davi:2010:PEA:1949317.1949356,
  author = {Davi, Lucas and Dmitrienko, Alexandra and Sadeghi, Ahmad-Reza and
  Winandy, Marcel},
  title = {Privilege Escalation Attacks on Android},
  booktitle = {Proceedings of the 13th International Conference on Information Security},
  year = {2011},
  series = {ISC'10},
  pages = {346--360},
  address = {Berlin, Heidelberg},
  publisher = {Springer-Verlag},
  acmid = {1949356},
  isbn = {978-3-642-18177-1},
  location = {Boca Raton, FL, USA},
  numpages = {15},
  url = {http://dl.acm.org/citation.cfm?id=1949317.1949356}
}

@INPROCEEDINGS{Bartel:2012:ASP:2351676.2351722,
  author = {Bartel, Alexandre and Klein, Jacques and Le Traon, Yves and Monperrus,
  Martin},
  title = {Automatically Securing Permission-based Software by Reducing the
  Attack Surface: An Application to Android},
  booktitle = {Proceedings of the 27th IEEE/ACM International Conference on Automated
  Software Engineering},
  year = {2012},
  series = {ASE 2012},
  pages = {274--277},
  address = {New York, NY, USA},
  publisher = {ACM},
  acmid = {2351722},
  doi = {10.1145/2351676.2351722},
  isbn = {978-1-4503-1204-2},
  keywords = {Android, Permissions, Soot, call-graph, permission-based software,
  security, static analysis},
  location = {Essen, Germany},
  numpages = {4},
  url = {http://doi.acm.org/10.1145/2351676.2351722}
}

@inproceedings{Nauman:2010:AEA:1755688.1755732,
  Acmid = {1755732},
  Address = {New York, NY, USA},
  Author = {Nauman, Mohammad and Khan, Sohail and Zhang, Xinwen},
  Booktitle = {Proceedings of the 5th ACM Symposium on Information, Computer and Communications Security},
  Doi = {10.1145/1755688.1755732},
  Isbn = {978-1-60558-936-7},
  Keywords = {Android, constraints, mobile platforms, policy framework},
  Location = {Beijing, China},
  Numpages = {5},
  Pages = {328--332},
  Publisher = {ACM},
  Series = {ASIACCS '10},
  Title = {Apex: Extending Android Permission Model and Enforcement with User-defined Runtime Constraints},
  Url = {http://doi.acm.org/10.1145/1755688.1755732},
  Year = {2010},
  Bdsk-Url-1 = {http://doi.acm.org/10.1145/1755688.1755732},
  Bdsk-Url-2 = {http://dx.doi.org/10.1145/1755688.1755732}}


  @inproceedings{Conti:2010:CCP:1949317.1949355,
  Acmid = {1949355},
  Address = {Berlin, Heidelberg},
  Author = {Conti, Mauro and Nguyen, Vu Thien Nga and Crispo, Bruno},
  Booktitle = {Proceedings of the 13th International Conference on Information Security},
  Isbn = {978-3-642-18177-1},
  Keywords = {android security, context policy, policy enforcement},
  Location = {Boca Raton, FL, USA},
  Numpages = {15},
  Pages = {331--345},
  Publisher = {Springer-Verlag},
  Series = {ISC'10},
  Title = {CRePE: Context-related Policy Enforcement for Android},
  Url = {http://dl.acm.org/citation.cfm?id=1949317.1949355},
  Year = {2011},
  Bdsk-Url-1 = {http://dl.acm.org/citation.cfm?id=1949317.1949355}}


  @electronic{android_developer_URL,
  Howpublished = {\url{https://developer.android.com/training/permissions/requesting.html}},
  Title = {Requesting Permissions at Run Time},
  Url = {\url{https://developer.android.com/training/permissions/requesting.html}},
  Bdsk-Url-1 = {https://developer.android.com/training/permissions/requesting.html}}


  @INPROCEEDINGS{6614340, 
author={Y. Ma and M. S. Sharbaf}, 
booktitle={Information Technology: New Generations (ITNG), 2013 Tenth International Conference on}, 
title={Investigation of Static and Dynamic Android Anti-virus Strategies}, 
year={2013}, 
pages={398-403}, 
keywords={computer viruses;mobile commerce;operating systems (computers);smart phones;AASandbox;Android phone;BlackBerry;Droidbox;Stowaway;Windows phone;dynamic Android anti-virus strategies;e-commerce;iPhone;m-commerce;open-source environment;smart phone;static Android anti-virus strategies;Internet;Java;Kernel;Libraries;Malware;Mobile communication;Smart phones;Android;Anti-Virus;Static/Dynamic Analysis}, 
doi={10.1109/ITNG.2013.62}, 
month={April},}


@inproceedings{johnson2012analysis,
  title={Analysis of android applications' permissions},
  author={Johnson, Ryan and Wang, Zhaohui and Gagnon, Corey and Stavrou, Angelos},
  booktitle={Software Security and Reliability Companion (SERE-C), 2012 IEEE Sixth International Conference on},
  pages={45--46},
  year={2012},
  organization={IEEE}
}


@inproceedings{Wu:2013:IVC:2508859.2516728,
 author = {Wu, Lei and Grace, Michael and Zhou, Yajin and Wu, Chiachih and Jiang, Xuxian},
 title = {The Impact of Vendor Customizations on Android Security},
 booktitle = {Proceedings of the 2013 ACM SIGSAC Conference on Computer \&\#38; Communications Security},
 series = {CCS '13},
 year = {2013},
 isbn = {978-1-4503-2477-9},
 location = {Berlin, Germany},
 pages = {623--634},
 numpages = {12},
 url = {http://doi.acm.org/10.1145/2508859.2516728},
 doi = {10.1145/2508859.2516728},
 acmid = {2516728},
 publisher = {ACM},
 address = {New York, NY, USA},
 keywords = {android, customization, provenance, static analysis},
} 

@INPROCEEDINGS{Wei:2012:PEA:2420950.2420956,
  author = {Wei, Xuetao and Gomez, Lorenzo and Neamtiu, Iulian and Faloutsos,
  Michalis},
  title = {Permission Evolution in the Android Ecosystem},
  booktitle = {Proceedings of the 28th Annual Computer Security Applications Conference},
  year = {2012},
  series = {ACSAC '12},
  pages = {31--40},
  address = {New York, NY, USA},
  publisher = {ACM},
  acmid = {2420956},
  doi = {10.1145/2420950.2420956},
  isbn = {978-1-4503-1312-4},
  location = {Orlando, Florida},
  numpages = {10},
  url = {http://doi.acm.org/10.1145/2420950.2420956}
}


@ELECTRONIC{Mars_Adoption_10_URL,
  title = {Android Marshmallow Finally Hits 10\% Adoption},
  howpublished = {\url{http://www.informationweek.com/mobile/android-marshmallow-finally-hits-10--adoption/a/d-id/1325836}},
  url = {\url{http://www.informationweek.com/mobile/android-marshmallow-finally-hits-10--adoption/a/d-id/1325836}}
}


@article{acar2016sok,
  title={SoK: Lessons Learned From Android Security Research For Appified Software Platforms},
  author={Acar, Yasemin and Backes, Michael and Bugiel, Sven and Fahl, Sascha and McDaniel, Patrick and Smith, Matthew},
  year={2016}
}


@inproceedings{wang2015cicc,
  title={CICC: a fine-grained, semantic-aware, and transparent approach to preventing permission leaks for Android permission managers},
  author={Wang, Daibin and Yao, Haixia and Li, Yingjiu and Jin, Hai and Zou, Deqing and Deng, Robert H},
  booktitle={Proceedings of the 8th ACM Conference on Security \& Privacy in Wireless and Mobile Networks},
  pages={6},
  year={2015},
  organization={ACM}
}

@ELECTRONIC{Android_Permission_Groups_URL,
  title = {<Permission> Android Developers},
  howpublished = {\url{https://developer.android.com/guide/topics/manifest/permission-element.html}},
  url = {\url{https://developer.android.com/guide/topics/manifest/permission-element.html}}
}


@ELECTRONIC{Android_Permissions_Defined_URL,
  title = {<Permission> Android Developers},
  howpublished = {\url{https://developer.android.com/guide/topics/manifest/manifest-intro.html}},
  url = {\url{https://developer.android.com/guide/topics/manifest/manifest-intro.html}}
}



@ELECTRONIC{PScout_GitHUb_URL,
  title = {PScout Github},
  howpublished = {\url{https://github.com/zd2100/PScout}},
  url = {\url{https://github.com/zd2100/PScout}}
}

https://github.com/zd2100/PScout


