% This file was created with JabRef 2.7.2.
% Encoding: ISO8859_1

@INPROCEEDINGS{738528,
  author = {Baxter, ID. and Yahin, A and Moura, L. and Sant'Anna, M. and Bier,
	L.},
  title = {Clone detection using abstract syntax trees},
  booktitle = {Software Maintenance, 1998. Proceedings., International Conference
	on},
  year = {1998},
  pages = {368-377},
  month = {Nov},
  doi = {10.1109/ICSM.1998.738528},
  issn = {1063-6773},
  keywords = {C language;program compilers;program diagnostics;reverse engineering;software
	maintenance;trees (mathematics);C production software system;abstract
	syntax trees;arbitrary program fragments;clone detection;clone removal;common
	sub expressions;commutative operands;compiler method;detected clones;domain
	concepts;duplicate code;equivalent statement sequences;exact tree
	matches;in-lined procedures;large scale computer programs;lexems;macro
	bodies;macro invocations;mechanical methods;near miss clones;nearly
	exact matches;program source code;program structure;reverse engineering;software
	maintenance costs;standard preprocessor macros;structured code;Cloning;Costs;Encapsulation;Large-scale
	systems;Production systems;Programming profession;Software engineering;Software
	maintenance;Software systems;World Wide Web}
}

@ARTICLE{Bellon07comparisonand,
  author = {Stefan Bellon and Rainer Koschke and Giuliano Antoniol and Jens Krinke
	and Ettore Merlo},
  title = {Comparison and Evaluation of Clone Detection Tools},
  journal = {IEEE TSE},
  year = {2007},
  volume = {33},
  pages = {577--591},
  number = {9}
}

@INPROCEEDINGS{Burd:2002:ECD:827253.827745,
  author = {Burd, Elizabeth and Bailey, John},
  title = {Evaluating Clone Detection Tools for Use During Preventative Maintenance},
  booktitle = {Proceedings of the Second IEEE International Workshop on Source Code
	Analysis and Manipulation},
  year = {2002},
  series = {SCAM '02},
  pages = {36--},
  address = {Washington, DC, USA},
  publisher = {IEEE Computer Society},
  acmid = {827745},
  isbn = {0-7695-1793-5},
  url = {http://dl.acm.org/citation.cfm?id=827253.827745}
}

@INPROCEEDINGS{Deissenboeck:2010:CCD:1810295.1810449,
  author = {Deissenboeck, Florian and Hummel, Benjamin and Juergens, Elmar},
  title = {Code Clone Detection in Practice},
  booktitle = {Proceedings of the 32Nd ACM/IEEE International Conference on Software
	Engineering - Volume 2},
  year = {2010},
  series = {ICSE '10},
  pages = {499--500},
  address = {New York, NY, USA},
  publisher = {ACM},
  acmid = {1810449},
  doi = {10.1145/1810295.1810449},
  isbn = {978-1-60558-719-6},
  keywords = {clone detection, redundancy},
  location = {Cape Town, South Africa},
  numpages = {2},
  url = {http://doi.acm.org/10.1145/1810295.1810449}
}

@INPROCEEDINGS{Gold:2010:ICC:1808901.1808916,
  author = {Gold, Nicolas and Krinke, Jens and Harman, Mark and Binkley, David},
  title = {Issues in Clone Classification for Dataflow Languages},
  booktitle = {Proceedings of the 4th International Workshop on Software Clones},
  year = {2010},
  series = {IWSC '10},
  pages = {83--84},
  address = {New York, NY, USA},
  publisher = {ACM},
  acmid = {1808916},
  doi = {10.1145/1808901.1808916},
  isbn = {978-1-60558-980-0},
  keywords = {clone classification, clone detection},
  location = {Cape Town, South Africa},
  numpages = {2},
  url = {http://doi.acm.org/10.1145/1808901.1808916}
}

@INPROCEEDINGS{Kim:2012:IAC:2337223.2337373,
  author = {Kim, Yunho and Kim, Moonzoo and Kim, YoungJoo and Jang, Yoonkyu},
  title = {Industrial Application of Concolic Testing Approach: A Case Study
	on Libexif by Using CREST-BV and KLEE},
  booktitle = {Proceedings of the 34th International Conference on Software Engineering},
  year = {2012},
  series = {ICSE '12},
  pages = {1143--1152},
  address = {Piscataway, NJ, USA},
  publisher = {IEEE Press},
  acmid = {2337373},
  isbn = {978-1-4673-1067-3},
  location = {Zurich, Switzerland},
  numpages = {10},
  url = {http://dl.acm.org/citation.cfm?id=2337223.2337373}
}

@INPROCEEDINGS{6671332,
  author = {Krutz, D.E. and Shihab, E.},
  title = {CCCD: Concolic code clone detection},
  booktitle = {Reverse Engineering (WCRE), 2013 20th Working Conference on},
  year = {2013},
  pages = {489-490},
  month = {Oct},
  doi = {10.1109/WCRE.2013.6671332},
  keywords = {program diagnostics;software maintenance;software tools;CCCD;Concolic
	Code Clone Discovery tool;clone detection tool;concolic analysis;concolic
	code clone detection;type-4 clones;Cloning;Conferences;IEEE Computer
	Society;Software;Software engineering;Software reliability}
}

@INPROCEEDINGS{Krutz:2014:CCO:2597073.2597127,
  author = {Krutz, Daniel E. and Le, Wei},
  title = {A Code Clone Oracle},
  booktitle = {Proceedings of the 11th Working Conference on Mining Software Repositories},
  year = {2014},
  series = {MSR 2014},
  pages = {388--391},
  address = {New York, NY, USA},
  publisher = {ACM},
  acmid = {2597127},
  doi = {10.1145/2597073.2597127},
  isbn = {978-1-4503-2863-0},
  keywords = {Clone Oracle, Code Clone Detection, Software Engineering},
  location = {Hyderabad, India},
  numpages = {4},
  url = {http://doi.acm.org/10.1145/2597073.2597127}
}

@INPROCEEDINGS{Li:2012:CCB:2337223.2337260,
  author = {Li, Jingyue and Ernst, Michael D.},
  title = {CBCD: Cloned Buggy Code Detector},
  booktitle = {Proceedings of the 34th International Conference on Software Engineering},
  year = {2012},
  series = {ICSE '12},
  pages = {310--320},
  address = {Piscataway, NJ, USA},
  publisher = {IEEE Press},
  acmid = {2337260},
  isbn = {978-1-4673-1067-3},
  location = {Zurich, Switzerland},
  numpages = {11},
  url = {http://dl.acm.org/citation.cfm?id=2337223.2337260}
}

@INPROCEEDINGS{Murakami:2014:DCR:2597073.2597133,
  author = {Murakami, Hiroaki and Higo, Yoshiki and Kusumoto, Shinji},
  title = {A Dataset of Clone References with Gaps},
  booktitle = {Proceedings of the 11th Working Conference on Mining Software Repositories},
  year = {2014},
  series = {MSR 2014},
  pages = {412--415},
  address = {New York, NY, USA},
  publisher = {ACM},
  acmid = {2597133},
  doi = {10.1145/2597073.2597133},
  isbn = {978-1-4503-2863-0},
  keywords = {Code clone, Dataset, Software maintenance},
  location = {Hyderabad, India},
  numpages = {4},
  url = {http://doi.acm.org/10.1145/2597073.2597133}
}

@ARTICLE{Roy:2009:CEC:1530898.1531101,
  author = {Roy, Chanchal K. and Cordy, James R. and Koschke, Rainer},
  title = {Comparison and Evaluation of Code Clone Detection Techniques and
	Tools: A Qualitative Approach},
  journal = {Sci. Comput. Program.},
  year = {2009},
  volume = {74},
  pages = {470--495},
  number = {7},
  month = may,
  acmid = {1531101},
  address = {Amsterdam, The Netherlands, The Netherlands},
  doi = {10.1016/j.scico.2009.02.007},
  issn = {0167-6423},
  issue_date = {May, 2009},
  keywords = {Clone detection, Comparison, Scenario-based evaluation, Software clone},
  numpages = {26},
  publisher = {Elsevier North-Holland, Inc.},
  url = {http://dx.doi.org/10.1016/j.scico.2009.02.007}
}

@INPROCEEDINGS{Saebjornsen:2009:DCC:1572272.1572287,
  author = {Saebjornsen, Andreas and Willcock, Jeremiah and Panas, Thomas and
	Quinlan, Daniel and Su, Zhendong},
  title = {Detecting Code Clones in Binary Executables},
  booktitle = {Proceedings of the Eighteenth International Symposium on Software
	Testing and Analysis},
  year = {2009},
  series = {ISSTA '09},
  pages = {117--128},
  address = {New York, NY, USA},
  publisher = {ACM},
  acmid = {1572287},
  doi = {10.1145/1572272.1572287},
  isbn = {978-1-60558-338-9},
  keywords = {binary analysis, clone detection, software tools},
  location = {Chicago, IL, USA},
  numpages = {12},
  url = {http://doi.acm.org/10.1145/1572272.1572287}
}

@INPROCEEDINGS{Schulze:2010:CCF:1868294.1868310,
  author = {Schulze, Sandro and Apel, Sven and K\"{a}stner, Christian},
  title = {Code Clones in Feature-oriented Software Product Lines},
  booktitle = {Proceedings of the Ninth International Conference on Generative Programming
	and Component Engineering},
  year = {2010},
  series = {GPCE '10},
  pages = {103--112},
  address = {New York, NY, USA},
  publisher = {ACM},
  acmid = {1868310},
  doi = {10.1145/1868294.1868310},
  isbn = {978-1-4503-0154-1},
  keywords = {code clones, feature-oriented programming, refactoring, software product
	lines},
  location = {Eindhoven, The Netherlands},
  numpages = {10},
  url = {http://doi.acm.org/10.1145/1868294.1868310}
}

