@inproceedings{krutz2013teaching,
  title={Teaching Web Engineering using a project component},
  author={Krutz, Daniel E and Meneely, Andrew},
  booktitle={2013 IEEE Frontiers in Education Conference (FIE)},
  pages={1366--1368},
  year={2013},
  organization={IEEE}
}


@inproceedings{krutz2014using,
  title={Using a real world project in a software testing course},
  author={Krutz, Daniel E and Malachowsky, Samuel A and Reichlmayr, Thomas},
  booktitle={Proceedings of the 45th ACM technical symposium on Computer science education},
  pages={49--54},
  year={2014},
  organization={ACM}
}

@inproceedings{krutz2015enhancing,
  title={Enhancing the educational experience for deaf and hard of hearing students in software engineering},
  author={Krutz, Daniel E and Malachowsky, Samuel A and Jones, Scott D and Kaplan, Jayme A},
  booktitle={Frontiers in Education Conference (FIE), 2015. 32614 2015. IEEE},
  pages={1--9},
  year={2015},
  organization={IEEE}
}

@inproceedings{malachowsky2015project,
  title={A project component in a web engineering course},
  author={Malachowsky, Samuel A and Krutz, Daniel E},
  booktitle={Frontiers in Education Conference (FIE), 2015. 32614 2015. IEEE},
  pages={1--6},
  year={2015},
  organization={IEEE}
}


@inproceedings{krutz2015insider,
  title={An insider threat activity in a software security course},
  author={Krutz, Daniel E and Meneely, Andrew and Malachowsky, Samuel A},
  booktitle={Frontiers in Education Conference (FIE), 2015. 32614 2015. IEEE},
  pages={1--6},
  year={2015},
  organization={IEEE}
}

@inproceedings{krutz2013experiencing,
  title={Experiencing disruptive behavior in a team using "moles"},
  author={Krutz, Daniel E and Vallino, James R},
  booktitle={2013 IEEE Frontiers in Education Conference (FIE)},
  pages={1492--1495},
  year={2013},
  organization={IEEE}
}


@inproceedings{krutz2015MSR,
  title={A dataset of open-source android applications},
  author={Krutz, Daniel E and Mirakhorli, Mehdi and Malachowsky, Samuel A and Ruiz, Andres and Peterson, Jacob and Filipski, Andrew and Smith, Jared},
  booktitle={2015 IEEE/ACM 12th Working Conference on Mining Software Repositories},
  pages={522--525},
  year={2015},
  organization={IEEE}
}


@inproceedings{lutz2012instilling,
  title={Instilling a software engineering mindset through freshman seminar},
  author={Lutz, Michael J and Vallino, James R and Martinez, Kenn and Krutz, Daniel E},
  booktitle={2012 Frontiers in Education Conference Proceedings},
  pages={1--6},
  year={2012},
  organization={IEEE}
}


@inproceedings{krutz2013bug,
  title={Bug of the day: Reinforcing the importance of testing},
  author={Krutz, Daniel E and Lutz, Michael},
  booktitle={2013 IEEE Frontiers in Education Conference (FIE)},
  pages={1795--1799},
  year={2013},
  organization={IEEE}
}


@ELECTRONIC{IEEE1stPlace_url,
  author = {Fran Broderick},
  title = {Undergraduate SE students impress conference with research into Android app vulnerabilities},
  howpublished = {\url{https://www.rit.edu/gccis/news/team-presents-research-related-android-application-security}},
  url = {\url{https://www.rit.edu/gccis/news/team-presents-research-related-android-application-security}},
  timestamp = {2014.08.09}
}



@inproceedings{Guo:2013:LMS:2445196.2445394,
 author = {Guo, Minzhe and Bhattacharya, Prabir and Yang, Ming and Qian, Kai and Yang, Li},
 title = {Learning Mobile Security with Android Security Labware},
 booktitle = {Proceeding of the 44th ACM Technical Symposium on Computer Science Education},
 series = {SIGCSE '13},
 year = {2013},
 isbn = {978-1-4503-1868-6},
 location = {Denver, Colorado, USA},
 pages = {675--680},
 numpages = {6},
 url = {http://doi.acm.org/10.1145/2445196.2445394},
 doi = {10.1145/2445196.2445394},
 acmid = {2445394},
 publisher = {ACM},
 address = {New York, NY, USA},
 keywords = {android, labware, mobile security},
} 


@inproceedings{Chi:2014:DIT:2670739.2670756,
 author = {Chi, Hongmei and Rubio, David Angulo},
 title = {Design Insider Threat Hands-on Labs},
 booktitle = {Proceedings of the 2014 Information Security Curriculum Development Conference},
 series = {InfoSec '14},
 year = {2014},
 isbn = {978-1-4503-3049-7},
 location = {Kennesaw, Georgia},
 pages = {17:1--17:1},
 articleno = {17},
 numpages = {1},
 url = {http://doi.acm.org/10.1145/2670739.2670756},
 doi = {10.1145/2670739.2670756},
 acmid = {2670756},
 publisher = {ACM},
 address = {New York, NY, USA},
 keywords = {CyberCIEGE, active learning, cyber security, information assurance, insider threats, virtual training},
}


@inproceedings{Li:2016:DHL:2978192.2978225,
 author = {Li, Lei and Qian, Kai and Chen, Qian and Hasan, Ragib and Shao, Guifeng},
 title = {Developing Hands-on Labware for Emerging Database Security},
 booktitle = {Proceedings of the 17th Annual Conference on Information Technology Education},
 series = {SIGITE '16},
 year = {2016},
 isbn = {978-1-4503-4452-4},
 location = {Boston, Massachusetts, USA},
 pages = {60--64},
 numpages = {5},
 url = {http://doi.acm.org/10.1145/2978192.2978225},
 doi = {10.1145/2978192.2978225},
 acmid = {2978225},
 publisher = {ACM},
 address = {New York, NY, USA},
 keywords = {cyber security education, database security, hands-on labs, nosql, sqlite},
} 



@article{10.1109/MSP.2011.139,
author = {Wenliang Du},
title = {SEED: Hands-On Lab Exercises for Computer Security Education},
journal ={IEEE Security \& Privacy},
volume = {9},
number = {5},
issn = {1540-7993},
year = {2011},
pages = {70-73},
doi = {http://doi.ieeecomputersociety.org/10.1109/MSP.2011.139},
publisher = {IEEE Computer Society},
address = {Los Alamitos, CA, USA},
}


@inproceedings{Bai:2014:IHL:2538862.2538997,
 author = {Bai, Yan and Wang, Xinli},
 title = {ITSEED: Hands-on Labs for IT Security Education (Abstract Only)},
 booktitle = {Proceedings of the 45th ACM Technical Symposium on Computer Science Education},
 series = {SIGCSE '14},
 year = {2014},
 isbn = {978-1-4503-2605-6},
 location = {Atlanta, Georgia, USA},
 pages = {739--739},
 numpages = {1},
 url = {http://doi.acm.org/10.1145/2538862.2538997},
 doi = {10.1145/2538862.2538997},
 acmid = {2538997},
 publisher = {ACM},
 address = {New York, NY, USA},
 keywords = {information technology, security education},
} 