@ELECTRONIC{OSMarketShare_URL,
  title = {iPhone lost market share to Android in every major market except one},
  author = {Jim Edwards},
  year = {2016},
  month={January},
  day={27},
  howpublished = {\url{http://www.businessinsider.com/apple-ios-v-android-market-share-2016-1?r=UK&IR=T}},
  url = {\url{http://www.businessinsider.com/apple-ios-v-android-market-share-2016-1?r=UK&IR=T}},
  urldate = {2016-02-15}
}

@ELECTRONIC{statistica_url,
  title = {Number of apps available in leading app stores as of November 2015},
  howpublished = {\url{http://www.statista.com/statistics/266210/number-of-available-applications-in-the-google-play-store/}},
  url = {\url{http://www.statista.com/statistics/266210/number-of-available-applications-in-the-google-play-store/}},
  timestamp = {2015.08.25}
}



@ELECTRONIC{Android_cv_url,
  title = {Android Security Vulnerabilities},
  howpublished = {\url{https://www.cvedetails.com/vulnerability-list/vendor_id-1224/product_id-19997/Google-Android.html}},
  url = {\url{https://www.cvedetails.com/vulnerability-list/vendor_id-1224/product_id-19997/Google-Android.html}}
}

