% This file was created with JabRef 2.7.2.
% Encoding: ISO8859_1

@INPROCEEDINGS{Au:2012:PAA:2382196.2382222,
  author = {Au, Kathy Wain Yee and Zhou, Yi Fan and Huang, Zhen and Lie, David},
  title = {PScout: Analyzing the Android Permission Specification},
  booktitle = {Proceedings of the 2012 ACM Conference on Computer and Communications
	Security},
  year = {2012},
  series = {CCS '12},
  pages = {217--228},
  address = {New York, NY, USA},
  publisher = {ACM},
  acmid = {2382222},
  doi = {10.1145/2382196.2382222},
  isbn = {978-1-4503-1651-4},
  keywords = {android, permissions, smartphone},
  location = {Raleigh, North Carolina, USA},
  numpages = {12},
  url = {http://doi.acm.org/10.1145/2382196.2382222}
}

@INPROCEEDINGS{Barrera:2010:MEA:1866307.1866317,
  author = {Barrera, David and Kayacik, H. G\"{u}ne\c{s} and van Oorschot, Paul
	C. and Somayaji, Anil},
  title = {A Methodology for Empirical Analysis of Permission-based Security
	Models and Its Application to Android},
  booktitle = {Proceedings of the 17th ACM Conference on Computer and Communications
	Security},
  year = {2010},
  series = {CCS '10},
  pages = {73--84},
  address = {New York, NY, USA},
  publisher = {ACM},
  acmid = {1866317},
  doi = {10.1145/1866307.1866317},
  isbn = {978-1-4503-0245-6},
  keywords = {access control, permission-based security, self-organizing maps, smartphone
	operating systems, visualization},
  location = {Chicago, Illinois, USA},
  numpages = {12},
  url = {http://doi.acm.org/10.1145/1866307.1866317}
}

@INPROCEEDINGS{Bartel:2012:ASP:2351676.2351722,
  author = {Bartel, Alexandre and Klein, Jacques and Le Traon, Yves and Monperrus,
	Martin},
  title = {Automatically Securing Permission-based Software by Reducing the
	Attack Surface: An Application to Android},
  booktitle = {Proceedings of the 27th IEEE/ACM International Conference on Automated
	Software Engineering},
  year = {2012},
  series = {ASE 2012},
  pages = {274--277},
  address = {New York, NY, USA},
  publisher = {ACM},
  acmid = {2351722},
  doi = {10.1145/2351676.2351722},
  isbn = {978-1-4503-1204-2},
  keywords = {Android, Permissions, Soot, call-graph, permission-based software,
	security, static analysis},
  location = {Essen, Germany},
  numpages = {4},
  url = {http://doi.acm.org/10.1145/2351676.2351722}
}

@INPROCEEDINGS{Davi:2010:PEA:1949317.1949356,
  author = {Davi, Lucas and Dmitrienko, Alexandra and Sadeghi, Ahmad-Reza and
	Winandy, Marcel},
  title = {Privilege Escalation Attacks on Android},
  booktitle = {Proceedings of the 13th International Conference on Information Security},
  year = {2011},
  series = {ISC'10},
  pages = {346--360},
  address = {Berlin, Heidelberg},
  publisher = {Springer-Verlag},
  acmid = {1949356},
  isbn = {978-3-642-18177-1},
  location = {Boca Raton, FL, USA},
  numpages = {15},
  url = {http://dl.acm.org/citation.cfm?id=1949317.1949356}
}

@INPROCEEDINGS{6296014,
  author = {Egners, A. and Meyer, U. and Marschollek, B.},
  title = {Messing with Android's Permission Model},
  booktitle = {Trust, Security and Privacy in Computing and Communications (TrustCom),
	2012 IEEE 11th International Conference on},
  year = {2012},
  pages = {505-514},
  doi = {10.1109/TrustCom.2012.203},
  keywords = {operating systems (computers);security of data;smart phones;Android
	permission model;Google Android platform;alterability;attack selection;dialog
	box;missing granularity;nonsuspicious permissions;smartphone operating
	systems;third party applications;Androids;Humanoid robots;Internet;Libraries;Operating
	systems;Security;Smart phones;Android;Attack;Permission;Smartphone}
}

@INPROCEEDINGS{Felt:2011:APD:2046707.2046779,
  author = {Felt, Adrienne Porter and Chin, Erika and Hanna, Steve and Song,
	Dawn and Wagner, David},
  title = {Android Permissions Demystified},
  booktitle = {Proceedings of the 18th ACM Conference on Computer and Communications
	Security},
  year = {2011},
  series = {CCS '11},
  pages = {627--638},
  address = {New York, NY, USA},
  publisher = {ACM},
  acmid = {2046779},
  doi = {10.1145/2046707.2046779},
  isbn = {978-1-4503-0948-6},
  keywords = {android, least privilege, permissions},
  location = {Chicago, Illinois, USA},
  numpages = {12},
  url = {http://doi.acm.org/10.1145/2046707.2046779}
}

@INPROCEEDINGS{Felt:2011:EAP:2002168.2002175,
  author = {Felt, Adrienne Porter and Greenwood, Kate and Wagner, David},
  title = {The Effectiveness of Application Permissions},
  booktitle = {Proceedings of the 2Nd USENIX Conference on Web Application Development},
  year = {2011},
  series = {WebApps'11},
  pages = {7--7},
  address = {Berkeley, CA, USA},
  publisher = {USENIX Association},
  acmid = {2002175},
  location = {Portland, OR},
  numpages = {1},
  url = {http://dl.acm.org/citation.cfm?id=2002168.2002175}
}

@INPROCEEDINGS{6413840,
  author = {Frank, M. and Ben Dong and Felt, A.P. and Song, D.},
  title = {Mining Permission Request Patterns from Android and Facebook Applications},
  booktitle = {Data Mining (ICDM), 2012 IEEE 12th International Conference on},
  year = {2012},
  pages = {870-875},
  doi = {10.1109/ICDM.2012.86},
  issn = {1550-4786},
  keywords = {Boolean algebra;application program interfaces;data mining;data privacy;matrix
	decomposition;operating systems (computers);social networking (online);Android;Boolean
	matrix factorization;Facebook;application quality;high-reputation
	application;low-reputation application;overlapping permission clusters;permission
	request pattern mining;permission system;privacy-or security-relevant
	API call;private data;security measure;third-party application;user
	satisfaction;Androids;Facebook;Hardware;Humanoid robots;Malware;Smart
	phones;Training;Android;Facebook;Permissions;Smartphones;Unsupervised
	learning;pattern mining}
}

@ARTICLE{jeon2011dr,
  author = {Jeon, Jinseong and Micinski, Kristopher K and Vaughan, Jeffrey A
	and Reddy, Nikhilesh and Zhu, Yixin and Foster, Jeffrey S and Millstein,
	Todd},
  title = {Dr. Android and Mr. Hide: Fine-grained security policies on unmodified
	Android},
  year = {2011}
}

@INPROCEEDINGS{6624000,
  author = {Stevens, R. and Ganz, J. and Filkov, V. and Devanbu, P. and Hao Chen},
  title = {Asking for (and about) permissions used by Android apps},
  booktitle = {Mining Software Repositories (MSR), 2013 10th IEEE Working Conference
	on},
  year = {2013},
  pages = {31-40},
  doi = {10.1109/MSR.2013.6624000},
  issn = {2160-1852},
  keywords = {Linux;Web sites;authorisation;mobile computing;Android markets;StackOverflow;free-Android
	applications;mobile platforms;online fora;over-liberal permission
	request;permission discussions;permission interference;permission
	misuse;permission popularity;security policies;sublinear relationship;Androids;Documentation;Humanoid
	robots;Interference;Java;Security;Software}
}

@INPROCEEDINGS{Vidas11curbingandroid,
  author = {Timothy Vidas and Nicolas Christin and Lorrie Faith Cranor},
  title = {Curbing Android Permission Creep},
  booktitle = {In W2SP},
  year = {2011}
}

@INPROCEEDINGS{Wei:2012:PEA:2420950.2420956,
  author = {Wei, Xuetao and Gomez, Lorenzo and Neamtiu, Iulian and Faloutsos,
	Michalis},
  title = {Permission Evolution in the Android Ecosystem},
  booktitle = {Proceedings of the 28th Annual Computer Security Applications Conference},
  year = {2012},
  series = {ACSAC '12},
  pages = {31--40},
  address = {New York, NY, USA},
  publisher = {ACM},
  acmid = {2420956},
  doi = {10.1145/2420950.2420956},
  isbn = {978-1-4503-1312-4},
  location = {Orlando, Florida},
  numpages = {10},
  url = {http://doi.acm.org/10.1145/2420950.2420956}
}

@INPROCEEDINGS{6698893,
  author = {Xu, Wei and Zhang, Fangfang and Zhu, Sencun},
  title = {Permlyzer: Analyzing permission usage in Android applications},
  booktitle = {Software Reliability Engineering (ISSRE), 2013 IEEE 24th International
	Symposium on},
  year = {2013},
  pages = {400-410},
  doi = {10.1109/ISSRE.2013.6698893}
}

@INPROCEEDINGS{zhang2013vetting,
  author = {Zhang, Yuan and Yang, Min and Xu, Bingquan and Yang, Zhemin and Gu,
	Guofei and Ning, Peng and Wang, X Sean and Zang, Binyu},
  title = {Vetting undesirable behaviors in android apps with permission use
	analysis},
  booktitle = {Proceedings of the 2013 ACM SIGSAC conference on Computer \& communications
	security},
  year = {2013},
  pages = {611--622},
  organization = {ACM}
}

@INPROCEEDINGS{6394460,
  author = {Jiagui Zhong and Jianjun Huang and Bin Liang},
  title = {Android Permission Re-delegation Detection and Test Case Generation},
  booktitle = {Computer Science Service System (CSSS), 2012 International Conference
	on},
  year = {2012},
  pages = {871-874},
  doi = {10.1109/CSSS.2012.222},
  keywords = {Java;data flow analysis;formal specification;operating systems (computers);program
	testing;smart phones;Android operating system;Android permission
	redelegation detection;Android platform;Android test case generation;Diordna;Java
	byte codes;dataflow analysis;intent based IPC channel;intent oriented
	test case specification generation;interprocess communication;public
	entry points;security problems;smart phones;static analysis tool;system
	API;Androids;Humanoid robots;Java;Operating systems;Privacy;Security;Smart
	phones;Android permission re-delegation;IPC;detection;intent;test
	case generation}
}

@ELECTRONIC{permissionLevelsURL,
  title = {Android Developers},
  url = {http://developer.android.com/guide/topics/manifest/permission-element.html},
  owner = {dan},
  timestamp = {2014.01.25}
}

