% This file was created with JabRef 2.7.2.
% Encoding: ISO8859_1

@INPROCEEDINGS{Abrahamsson:2004:MAA:1028664.1028736,
  author = {Abrahamsson, Pekka and Hanhineva, Antti and Hulkko, Hanna and Ihme,
	Tuomas and J\"{a}\"{a}linoja, Juho and Korkala, Mikko and Koskela,
	Juha and Kyll\"{o}nen, Pekka and Salo, Outi},
  title = {Mobile-D: An Agile Approach for Mobile Application Development},
  booktitle = {Companion to the 19th Annual ACM SIGPLAN Conference on Object-oriented
	Programming Systems, Languages, and Applications},
  year = {2004},
  series = {OOPSLA '04},
  pages = {174--175},
  address = {New York, NY, USA},
  publisher = {ACM},
  acmid = {1028736},
  doi = {10.1145/1028664.1028736},
  isbn = {1-58113-833-4},
  keywords = {agile methodologies, mobile software},
  location = {Vancouver, BC, CANADA},
  numpages = {2},
  url = {http://doi.acm.org/10.1145/1028664.1028736}
}

@BOOK{Fling:2009:MDD:1795492,
  title = {Mobile Design and Development: Practical Concepts and Techniques
	for Creating Mobile Sites and Web Apps - Animal Guide},
  publisher = {O'Reilly Media, Inc.},
  year = {2009},
  author = {Fling, Brian},
  edition = {1st},
  isbn = {0596155441, 9780596155445}
}

@ARTICLE{Guo:2009:GPS:1516546.1516579,
  author = {Guo, Jiang},
  title = {Group Projects in Software Engineering Education},
  journal = {J. Comput. Sci. Coll.},
  year = {2009},
  volume = {24},
  pages = {196--202},
  number = {4},
  month = apr,
  acmid = {1516579},
  address = {USA},
  issn = {1937-4771},
  issue_date = {April 2009},
  numpages = {7},
  publisher = {Consortium for Computing Sciences in Colleges},
  url = {http://dl.acm.org/citation.cfm?id=1516546.1516579}
}

@INPROCEEDINGS{6685147,
  author = {Krutz, D.E. and Lutz, M.},
  title = {Bug of the Day: Reinforcing the importance of testing},
  booktitle = {Frontiers in Education Conference, 2013 IEEE},
  year = {2013},
  pages = {1795-1799},
  month = {Oct},
  doi = {10.1109/FIE.2013.6685147},
  issn = {0190-5848},
  keywords = {computer science education;program testing;software engineering;teaching;RIT;Rochester
	Institute of Technology;Software Engineering Department;bug of the
	day;commercial software development;introductory computing courses;software
	engineering students;software testing;Computer bugs;Context;Education;Software;Software
	engineering;Software testing;Quality Assurance;Software Engineering
	Education;Software Testing}
}

@INPROCEEDINGS{Krutz:2014:URW:2538862.2538955,
  author = {Krutz, Daniel E. and Malachowsky, Samuel A. and Reichlmayr, Thomas},
  title = {Using a Real World Project in a Software Testing Course},
  booktitle = {Proceedings of the 45th ACM Technical Symposium on Computer Science
	Education},
  year = {2014},
  series = {SIGCSE '14},
  pages = {49--54},
  address = {New York, NY, USA},
  publisher = {ACM},
  acmid = {2538955},
  doi = {10.1145/2538862.2538955},
  isbn = {978-1-4503-2605-6},
  keywords = {software engineering education, software project, software testing},
  location = {Atlanta, Georgia, USA},
  numpages = {6},
  url = {http://doi.acm.org.ezproxy.rit.edu/10.1145/2538862.2538955}
}

@INPROCEEDINGS{Meneely:2013:VDC:2486788.2486948,
  author = {Meneely, Andrew and Lucidi, Samuel},
  title = {Vulnerability of the Day: Concrete Demonstrations for Software Engineering
	Undergraduates},
  booktitle = {Proceedings of the 2013 International Conference on Software Engineering},
  year = {2013},
  series = {ICSE '13},
  pages = {1154--1157},
  address = {Piscataway, NJ, USA},
  publisher = {IEEE Press},
  acmid = {2486948},
  isbn = {978-1-4673-3076-3},
  location = {San Francisco, CA, USA},
  numpages = {4},
  url = {http://dl.acm.org/citation.cfm?id=2486788.2486948}
}

@BOOK{neil2012mobile,
  title = {Mobile Design Pattern Gallery, Color Edition},
  publisher = {O'Reilly Media, Incorporated},
  year = {2012},
  author = {Neil, T.},
  series = {Oreilly and Associate Series},
  isbn = {9781449336448},
  lccn = {2012470036},
  url = {http://books.google.com/books?id=5dwZmWLehicC}
}

@INPROCEEDINGS{Petkovic:2006:TPS:1140124.1140202,
  author = {Petkovic, Dragutin and Thompson, Gary and Todtenhoefer, Rainer},
  title = {Teaching Practical Software Engineering and Global Software Engineering:
	Evaluation and Comparison},
  booktitle = {Proceedings of the 11th Annual SIGCSE Conference on Innovation and
	Technology in Computer Science Education},
  year = {2006},
  series = {ITICSE '06},
  pages = {294--298},
  address = {New York, NY, USA},
  publisher = {ACM},
  acmid = {1140202},
  doi = {10.1145/1140124.1140202},
  isbn = {1-59593-055-8},
  keywords = {global software engineering, software engineering, software engineering
	education},
  location = {Bologna, Italy},
  numpages = {5},
  url = {http://doi.acm.org/10.1145/1140124.1140202}
}

@BOOK{pressman,
  title = {Introduction to Software Engineering},
  year = {2009},
  author = {Roger Pressman},
  edition = {7},
  owner = {dkrutz},
  timestamp = {2014.09.02}
}

@INPROCEEDINGS{Scharff:2010:SSM:1833310.1833315,
  author = {Scharff, Christelle and Verma, Ravi},
  title = {Scrum to Support Mobile Application Development Projects in a Just-in-time
	Learning Context},
  booktitle = {Proceedings of the 2010 ICSE Workshop on Cooperative and Human Aspects
	of Software Engineering},
  year = {2010},
  series = {CHASE '10},
  pages = {25--31},
  address = {New York, NY, USA},
  publisher = {ACM},
  acmid = {1833315},
  doi = {10.1145/1833310.1833315},
  isbn = {978-1-60558-966-4},
  keywords = {Java ME, Scrum, agile methodologies, education, mobile application
	development},
  location = {Cape Town, South Africa},
  numpages = {7},
  url = {http://doi.acm.org/10.1145/1833310.1833315}
}

@ELECTRONIC{heartexample1_url,
  author = {Zhang, Yulong and Xue, Hui and Wei, Tao},
  month = {April},
  year = {2014},
  title = {If an Android Has a Heart, Does it bleed?},
  howpublished = {http://www.fireeye.com/blog/technical/2014/04/if-an-android-has-a-heart-does-it-bleed.html},
  url = {http://www.fireeye.com/blog/technical/2014/04/if-an-android-has-a-heart-does-it-bleed.html},
  owner = {dan},
  timestamp = {2014.08.12}
}

@ELECTRONIC{androguard_url,
  title = {Androguard},
  howpublished = {https://code.google.com/p/androguard/},
  url = {https://code.google.com/p/androguard/},
  owner = {dan},
  timestamp = {2014.08.12}
}

@ELECTRONIC{androiddevel_url,
  title = {Android App Development},
  howpublished = {\url{http://ccpe.kennesaw.edu/computers/syllabus/fvcm1041.pdf}},
  url = {http://ccpe.kennesaw.edu/computers/syllabus/fvcm1041.pdf},
  owner = {dan},
  timestamp = {2014.08.12}
}

@ELECTRONIC{asef_url,
  title = {ASEF - Android Security Evaluation Framework},
  howpublished = {https://code.google.com/p/asef/},
  url = {https://code.google.com/p/asef/},
  owner = {dan},
  timestamp = {2014.08.12}
}

@ELECTRONIC{contagio_url,
  title = {Contagio Mobile Malware Minidump},
  howpublished = {http://contagiominidump.blogspot.com},
  url = {http://contagiominidump.blogspot.com},
  owner = {dan},
  timestamp = {2014.08.13}
}

@ELECTRONIC{defenseindepth_url,
  title = {Defense in Depth},
  howpublished = {\url{http://www.nsa.gov/ia/_files/support/defenseindepth.pdf}},
  owner = {dan},
  timestamp = {2014.08.13}
}

@ELECTRONIC{drozer_url,
  title = {Drozer},
  howpublished = {https://www.mwrinfosecurity.com/products/drozer/},
  url = {https://www.mwrinfosecurity.com/products/drozer/},
  owner = {dan},
  timestamp = {2014.08.12}
}

@ELECTRONIC{heartbleed_URL,
  title = {Heartbleed in OpenSSL: Take Action Now!},
  howpublished = {http://www.symantec.com/connect/blogs/heartbleed-openssl-take-action-now},
  url = {http://www.symantec.com/connect/blogs/heartbleed-openssl-take-action-now},
  owner = {dan},
  timestamp = {2014.08.13}
}

@ELECTRONIC{ios_develop_url,
  title = {Mobile Application Development},
  howpublished = {\url{http://cidse.engineering.asu.edu/wp-content/uploads/2013/01/CSE494-S12Mobile_Application-Syllabus.pdf}},
  url = {http://cidse.engineering.asu.edu/wp-content/uploads/2013/01/CSE494-S12Mobile_Application-Syllabus.pdf},
  owner = {dan},
  timestamp = {2014.08.12}
}

@ELECTRONIC{mobileappdesign_url,
  title = {Mobile App Design},
  howpublished = {https://sites.google.com/site/specialprojectsmobile/syllabus},
  url = {https://sites.google.com/site/specialprojectsmobile/syllabus},
  owner = {dan},
  timestamp = {2014.08.12}
}

@ELECTRONIC{mobiledevelop_11,
  title = {Mobile Application Development},
  howpublished = {\url{http://www.csit.parkland.edu/~dbock/Class/csc212/Syllabus.html}},
  url = {http://www.csit.parkland.edu/~dbock/Class/csc212/Syllabus.html},
  owner = {dan},
  timestamp = {2014.08.12}
}

@ELECTRONIC{mobiledevelopment_url,
  title = {Mobile Application Development},
  howpublished = {ttps://www.cse.msu.edu/~cse476/Syllabus.pdf},
  url = {ttps://www.cse.msu.edu/~cse476/Syllabus.pdf},
  owner = {dan},
  timestamp = {2014.08.12}
}

@ELECTRONIC{mobilesecurity_URL,
  title = {Mobile Security},
  howpublished = {http://wnss.sv.cmu.edu/courses/14829/f10/syllabus.php},
  url = {http://wnss.sv.cmu.edu/courses/14829/f10/syllabus.php},
  owner = {dan},
  timestamp = {2014.08.14}
}

@ELECTRONIC{nvd_url,
  title = {National Vulnerability Database},
  howpublished = {http://nvd.nist.gov},
  url = {http://nvd.nist.gov},
  owner = {dan},
  timestamp = {2014.08.13}
}

@ELECTRONIC{rit_url,
  title = {Software Engineering at RIT},
  howpublished = {http://www.se.rit.edu},
  url = {http://www.se.rit.edu},
  owner = {dan},
  timestamp = {2014.08.11}
}

@ELECTRONIC{heartbleedtool_url,
  year = {2014},
  title = {Heartbleed Detector: Check If Your Android OS Is Vulnerable with
	Our App},
  howpublished = {https://blog.lookout.com/blog/2014/04/09/heartbleed-detector/},
  url = {https://blog.lookout.com/blog/2014/04/09/heartbleed-detector/},
  owner = {dan},
  timestamp = {2014.08.12}
}



@article{McCown:2013:UIT:2458569.2458588,
 author = {McCown, Frank and Gibson, Stacy Schoen},
 title = {Using Interdisciplinary Teams in a Mobile Application Development Course},
 journal = {J. Comput. Sci. Coll.},
 issue_date = {May 2013},
 volume = {28},
 number = {5},
 month = may,
 year = {2013},
 issn = {1937-4771},
 pages = {85--93},
 numpages = {9},
 url = {http://dl.acm.org/citation.cfm?id=2458569.2458588},
 acmid = {2458588},
 publisher = {Consortium for Computing Sciences in Colleges},
 address = {USA},
} 


@INPROCEEDINGS{5501730, 
author={Chia-Chi Teng and Helps, R.}, 
booktitle={Information Technology: New Generations (ITNG), 2010 Seventh International Conference on}, 
title={Mobile Application Development: Essential New Directions for IT}, 
year={2010}, 
month={April}, 
pages={471-475}, 
keywords={courseware;educational courses;mobile computing;mobile handsets;operating systems (computers);ubiquitous computing;user interfaces;Apple iPhone;Google Android;IT applications;IT students;Microsoft Windows Mobile;hardware features;junior level operating systems course;learning experience;mobile application development;mobile computing;mobile devices;mobile operating systems;software development kits;software features;Application software;Feedback;Handheld computers;Hardware;Information technology;Marketing and sales;Mobile computing;Operating systems;Pervasive computing;Programming profession;information technology education;mobile application;mobile operating systems}, 
doi={10.1109/ITNG.2010.249},}