@INPROCEEDINGS{Felt:2011:APD:2046707.2046779,
  author = {Felt, Adrienne Porter and Chin, Erika and Hanna, Steve and Song,
  Dawn and Wagner, David},
  title = {Android Permissions Demystified},
  booktitle = {Proceedings of the 18th ACM Conference on Computer and Communications
  Security},
  year = {2011},
  series = {CCS '11},
  pages = {627--638},
  address = {New York, NY, USA},
  publisher = {ACM},
  acmid = {2046779},
  doi = {10.1145/2046707.2046779},
  isbn = {978-1-4503-0948-6},
  keywords = {android, least privilege, permissions},
  location = {Chicago, Illinois, USA},
  numpages = {12},
  url = {http://doi.acm.org/10.1145/2046707.2046779}
}


@inproceedings{krutz2015FDroid,
  title={A Dataset of Open-Source Android Applications},
  author={Krutz, Daniel E and Mirakhorli, Mehdi and Malachowsky, Samuel A and Ruiz, Andres and Peterson, Jacob and Filipski, Andrew and Smith, Jared},
  booktitle={Proceedings of the 12th Working Conference on Mining Software Repositories},
  year={2015},
  organization={ACM}
}

@INPROCEEDINGS{Sarma:2012:APP:2295136.2295141,
  author = {Sarma, Bhaskar Pratim and Li, Ninghui and Gates, Chris and Potharaju,
  Rahul and Nita-Rotaru, Cristina and Molloy, Ian},
  title = {Android Permissions: A Perspective Combining Risks and Benefits},
  booktitle = {Proceedings of the 17th ACM Symposium on Access Control Models and
  Technologies},
  year = {2012},
  series = {SACMAT '12},
  pages = {13--22},
  address = {New York, NY, USA},
  publisher = {ACM},
  acmid = {2295141},
  doi = {10.1145/2295136.2295141},
  isbn = {978-1-4503-1295-0},
  keywords = {android, malware},
  location = {Newark, New Jersey, USA},
  numpages = {10},
  url = {http://doi.acm.org/10.1145/2295136.2295141}
}


@ARTICLE{Viennot:2014:MSG:2637364.2592003,
  author = {Viennot, Nicolas and Garcia, Edward and Nieh, Jason},
  title = {A Measurement Study of Google Play},
  journal = {SIGMETRICS Perform. Eval. Rev.},
  year = {2014},
  volume = {42},
  pages = {221--233},
  number = {1},
  month = jun,
  acmid = {2592003},
  address = {New York, NY, USA},
  doi = {10.1145/2637364.2592003},
  issn = {0163-5999},
  issue_date = {June 2014},
  keywords = {android, authentication, clone detection, decompilation, google play,
  mobile computing, oauth, security},
  numpages = {13},
  publisher = {ACM},
  url = {http://doi.acm.org/10.1145/2637364.2592003}
}


@ELECTRONIC{scrapy_URL,
  title = {Scrapy},
  howpublished = {http://scrapy.org},
  url = {http://scrapy.org},
  owner = {dan},
  timestamp = {2014.06.13}
}

@ELECTRONIC{listofstores_URL,
  title = {List of Android App Stores},
  howpublished = {\url{http://www.onepf.org/appstores/}},
  url = {http://www.onepf.org/appstores/},
  owner = {dan},
  timestamp = {2014.06.13}
}

@CONFERENCE{Lee_2013,
  author = {Sung-Hoon Lee and Seung-Hun Jin},
  title = {Warning System for Detecting Malicious Applications on Android System},
  booktitle = {International Journal of Computer and Communication Engineering},
  year = {2013},
  owner = {dkrutz},
  timestamp = {2014.05.14}
}

@ARTICLE{6687155,
  author = {Yerima, S.Y. and Sezer, S. and McWilliams, G.},
  title = {Analysis of Bayesian classification-based approaches for Android
  malware detection},
  journal = {Information Security, IET},
  year = {2014},
  volume = {8},
  pages = {25-36},
  number = {1},
  month = {Jan},
  doi = {10.1049/iet-ifs.2013.0095},
  issn = {1751-8709},
  keywords = {invasive software;learning (artificial intelligence);operating system
  kernels;pattern classification;smart phones;Android malware detection;machine
  learning;mobile malware;signature based scanning;smartphones;static
  analysis;static analytic Bayesian classification}
}

@misc{apvrille2012android,
  title={Android Reverse Engineering Tools},
  author={Apvrille, Axelle},
  year={2012},
  publisher={InsomniHack}
}

@article{chawla2014transfiguring,
  title={Transfiguring of an Android App Using Reverse Engineering},
  author={Chawla, Taranjeet Kaur and Kajala, Aditi},
  year={2014}
}


@inproceedings{li2006using,
  title={Using peer review to assess coding standards-a case study},
  author={Li, Xiaosong},
  booktitle={Frontiers in education conference, 36th annual},
  pages={9--14},
  year={2006},
  organization={IEEE}
}

@inproceedings{Li:2005:ETC:1095714.1095770,
 author = {Li, Xiaosong and Prasad, Christine},
 title = {Effectively Teaching Coding Standards in Programming},
 booktitle = {Proceedings of the 6th Conference on Information Technology Education},
 series = {SIGITE '05},
 year = {2005},
 isbn = {1-59593-252-6},
 location = {Newark, NJ, USA},
 pages = {239--244},
 numpages = {6},
 url = {http://doi.acm.org.ezproxy.rit.edu/10.1145/1095714.1095770},
 doi = {10.1145/1095714.1095770},
 acmid = {1095770},
 publisher = {ACM},
 address = {New York, NY, USA},
 keywords = {coding standards, teaching programming},
} 

@INPROCEEDINGS{rutar2004comparison,
  author = {Rutar, Nick and Almazan, Christian B and Foster, Jeffrey S},
  title = {A comparison of bug finding tools for Java},
  booktitle = {Software Reliability Engineering, 2004. ISSRE 2004. 15th International
  Symposium on},
  year = {2004},
  pages = {245--256},
  organization = {IEEE}
}

@ARTICLE{saltzer1975protection,
  author = {Saltzer, Jerome H and Schroeder, Michael D},
  title = {The protection of information in computer systems},
  journal = {Proceedings of the IEEE},
  year = {1975},
  volume = {63},
  pages = {1278--1308},
  number = {9},
  publisher = {IEEE}
}

@INPROCEEDINGS{6698893,
  author = {Xu, Wei and Zhang, Fangfang and Zhu, Sencun},
  title = {Permlyzer: Analyzing permission usage in Android applications},
  booktitle = {Software Reliability Engineering (ISSRE), 2013 IEEE 24th International
  Symposium on},
  year = {2013},
  pages = {400-410},
  doi = {10.1109/ISSRE.2013.6698893}
}


@ELECTRONIC{keytool1_URL,
  title = {keytool - Key and Certificate Management Tool},
  howpublished = {\url{https://docs.oracle.com/javase/6/docs/technotes/tools/windows/keytool.html}},
  url = {\url{https://docs.oracle.com/javase/6/docs/technotes/tools/windows/keytool.html}},
  timestamp = {2015.06.1}
}

@ELECTRONIC{contagio_url,
  title = {Contagio Mobile},
  howpublished = {http://contagiominidump.blogspot.com},
  owner = {dan},
  timestamp = {2014.06.13}
}

@INPROCEEDINGS{Zhou:2012:DAM:2310656.2310710,
  author = {Zhou, Yajin and Jiang, Xuxian},
  title = {Dissecting Android Malware: Characterization and Evolution},
  booktitle = {Proceedings of the 2012 IEEE Symposium on Security and Privacy},
  year = {2012},
  series = {SP '12},
  pages = {95--109},
  address = {Washington, DC, USA},
  publisher = {IEEE Computer Society},
  acmid = {2310710},
  doi = {10.1109/SP.2012.16},
  isbn = {978-0-7695-4681-0},
  keywords = {Android malware, smartphone security},
  numpages = {15},
  url = {http://dx.doi.org/10.1109/SP.2012.16}
}


@inproceedings{felt2011survey,
  title={A survey of mobile malware in the wild},
  author={Felt, Adrienne Porter and Finifter, Matthew and Chin, Erika and Hanna, Steve and Wagner, David},
  booktitle={Proceedings of the 1st ACM workshop on Security and privacy in smartphones and mobile devices},
  pages={3--14},
  year={2011},
  organization={ACM}
}

@ELECTRONIC{tynan_dan_report:_2015,
  title = {Report: 1 in 5 {Android} {Apps} {Is} {Malware}},
  url = {https://www.yahoo.com/tech/report-one-in-five-android-apps-is-malware-117202610899.html},
  howpublished = {\url{https://www.yahoo.com/tech/report-one-in-five-android-apps-is-malware-117202610899.html}},
  urldate = {2015-07-01},
  author = {Tynan, Dan},
  month = apr,
  year = {2015}
}


@INPROCEEDINGS{Vidas11curbingandroid,
  author = {Timothy Vidas and Nicolas Christin and Lorrie Faith Cranor},
  title = {Curbing Android Permission Creep},
  booktitle = {In W2SP},
  year = {2011}
}


@INPROCEEDINGS{6613857,
  author = {Uddin, M.S. and Roy, C.K. and Schneider, K.A.},
  title = {SimCad: An extensible and faster clone detection tool for large scale
  software systems},
  booktitle = {Program Comprehension (ICPC), 2013 IEEE 21st International Conference
  on},
  year = {2013},
  pages = {236-238},
  month = {May},
  doi = {10.1109/ICPC.2013.6613857},
  issn = {1063-6897},
  keywords = {software engineering;software libraries;IDE;SimCad;SimLib;clone detection
  tool;clone management functionalities;code cloning;integrated development
  environment;large scale software systems;off-the-shelf clone detection
  library;software systems evolution;Cloning;Graphical user interfaces;Java;Libraries;Software
  systems;XML}
}


@inproceedings{Liu:2014:TPA:2634434.2635084,
 author = {Liu, Xing and Liu, Jiqiang},
 title = {A Two-Layered Permission-Based Android Malware Detection Scheme},
 booktitle = {Proceedings of the 2014 2Nd IEEE International Conference on Mobile Cloud Computing, Services, and Engineering},
 series = {MOBILECLOUD '14},
 year = {2014},
 isbn = {978-1-4799-4425-5},
 pages = {142--148},
 numpages = {7},
 url = {http://dx.doi.org/10.1109/MobileCloud.2014.22},
 doi = {10.1109/MobileCloud.2014.22},
 acmid = {2635084},
 publisher = {IEEE Computer Society},
 address = {Washington, DC, USA},
 keywords = {Android permission, machine learning, malware detection},
} 


@inproceedings{Feng:2014:ASD:2635868.2635869,
 author = {Feng, Yu and Anand, Saswat and Dillig, Isil and Aiken, Alex},
 title = {Apposcopy: Semantics-based Detection of Android Malware Through Static Analysis},
 booktitle = {Proceedings of the 22Nd ACM SIGSOFT International Symposium on Foundations of Software Engineering},
 series = {FSE 2014},
 year = {2014},
 isbn = {978-1-4503-3056-5},
 location = {Hong Kong, China},
 pages = {576--587},
 numpages = {12},
 url = {http://doi.acm.org/10.1145/2635868.2635869},
 doi = {10.1145/2635868.2635869},
 acmid = {2635869},
 publisher = {ACM},
 address = {New York, NY, USA},
 keywords = {Android, Inter-component Call Graph, Taint Analysis},
}


@inproceedings{Rastogi:2013:DEA:2484313.2484355,
 author = {Rastogi, Vaibhav and Chen, Yan and Jiang, Xuxian},
 title = {DroidChameleon: Evaluating Android Anti-malware Against Transformation Attacks},
 booktitle = {Proceedings of the 8th ACM SIGSAC Symposium on Information, Computer and Communications Security},
 series = {ASIA CCS '13},
 year = {2013},
 isbn = {978-1-4503-1767-2},
 location = {Hangzhou, China},
 pages = {329--334},
 numpages = {6},
 url = {http://doi.acm.org/10.1145/2484313.2484355},
 doi = {10.1145/2484313.2484355},
 acmid = {2484355},
 publisher = {ACM},
 address = {New York, NY, USA},
 keywords = {android, anti-malware, malware, mobile},
} 

@inproceedings{Grace:2012:UEA:2185448.2185464,
 author = {Grace, Michael C. and Zhou, Wu and Jiang, Xuxian and Sadeghi, Ahmad-Reza},
 title = {Unsafe Exposure Analysis of Mobile In-app Advertisements},
 booktitle = {Proceedings of the Fifth ACM Conference on Security and Privacy in Wireless and Mobile Networks},
 series = {WISEC '12},
 year = {2012},
 isbn = {978-1-4503-1265-3},
 location = {Tucson, Arizona, USA},
 pages = {101--112},
 numpages = {12},
 url = {http://doi.acm.org/10.1145/2185448.2185464},
 doi = {10.1145/2185448.2185464},
 acmid = {2185464},
 publisher = {ACM},
 address = {New York, NY, USA},
 keywords = {in-app advertisement, privacy, smartphone},
} 


@ELECTRONIC{appbrain_URL,
  title = {Number of Android applications},
  howpublished = {\url{http://www.appbrain.com/stats/number-of-android-apps}},
  url = {\url{http://www.appbrain.com/stats/number-of-android-apps}},
  timestamp = {2016.02.19}
}


@INPROCEEDINGS{7332475, 
author={F. Palomba and M. Linares-Vasquez and G. Bavota and R. Oliveto and M. Di Penta and D. Poshyvanyk and A. De Lucia}, 
booktitle={Software Maintenance and Evolution (ICSME), 2015 IEEE International Conference on}, 
title={User reviews matter! Tracking crowdsourced reviews to support evolution of successful apps}, 
year={2015}, 
pages={291-300}, 
keywords={mobile computing;recommender systems;source code (software);Android apps;CRISTAL;app stores;crowd request;crowdsourced review tracking;informative crowd review tracing;mobile apps;ratings;source code change;specialized recommendation systems;user reaction;user review;Androids;Entropy;Feature extraction;Humanoid robots;Joining processes;Monitoring;Planning}, 
doi={10.1109/ICSM.2015.7332475}, 
month={Sept},}


@article{khalid2015examining,
  title={Examining the relationship between findbugs warnings and end user ratings: A case study on 10,000 android apps},
  author={Khalid, Haliyana and Nagappan, Meiyappan and Hassan, Asif},
  year={2015},
  publisher={IEEE}
}

@inproceedings{panichella2015can,
  title={How can i improve my app? classifying user reviews for software maintenance and evolution},
  author={Panichella, Sebastiano and Di Sorbo, Andrea and Guzman, Emitza and Visaggio, Corrado A and Canfora, Gerardo and Gall, Harald C},
  booktitle={Software Maintenance and Evolution (ICSME), 2015 IEEE International Conference on},
  pages={281--290},
  year={2015},
  organization={IEEE}
}

@INPROCEEDINGS{Felt:2011:EAP:2002168.2002175,
  author = {Felt, Adrienne Porter and Greenwood, Kate and Wagner, David},
  title = {The Effectiveness of Application Permissions},
  booktitle = {Proceedings of the 2Nd USENIX Conference on Web Application Development},
  year = {2011},
  series = {WebApps'11},
  pages = {7--7},
  address = {Berkeley, CA, USA},
  publisher = {USENIX Association},
  acmid = {2002175},
  location = {Portland, OR},
  numpages = {1},
  url = {http://dl.acm.org/citation.cfm?id=2002168.2002175}
}


@inproceedings{au2012pscout,
  title={Pscout: analyzing the android permission specification},
  author={Au, Kathy Wain Yee and Zhou, Yi Fan and Huang, Zhen and Lie, David},
  booktitle={Proceedings of the 2012 ACM conference on Computer and communications security},
  pages={217--228},
  year={2012},
  organization={ACM}
}


@ELECTRONIC{koodous_URL,
  title = {Koodous},
  howpublished = {\url{https://koodous.com/}},
  url = {\url{https://koodous.com/}}
}


@inproceedings{Martin:2015:ASP:2820518.2820535,
 author = {Martin, William and Harman, Mark and Jia, Yue and Sarro, Federica and Zhang, Yuanyuan},
 title = {The App Sampling Problem for App Store Mining},
 booktitle = {Proceedings of the 12th Working Conference on Mining Software Repositories},
 series = {MSR '15},
 year = {2015},
 location = {Florence, Italy},
 pages = {123--133},
 numpages = {11},
 url = {http://dl.acm.org/citation.cfm?id=2820518.2820535},
 acmid = {2820535},
 publisher = {IEEE Press},
 address = {Piscataway, NJ, USA},
} 
