
%%%%1

@inproceedings{Bhattacharya:2013:EAB:2495256.2495768,
 author = {Bhattacharya, Pamela and Ulanova, Liudmila and Neamtiu, Iulian and Koduru, Sai Charan},
 title = {An Empirical Analysis of Bug Reports and Bug Fixing in Open Source Android Apps},
 booktitle = {Proceedings of the 2013 17th European Conference on Software Maintenance and Reengineering},
 series = {CSMR '13},
 year = {2013},
 isbn = {978-0-7695-4948-4},
 pages = {133--143},
 numpages = {11},
 url = {http://dx.doi.org/10.1109/CSMR.2013.23},
 doi = {10.1109/CSMR.2013.23},
 acmid = {2495768},
 publisher = {IEEE Computer Society},
 address = {Washington, DC, USA},
 keywords = {smartphone apps, Google Android, bug reports, bug fixing, empirical studies, security bugs},
} 

%%%%2

@inproceedings{Shihab:2012:MCA:2664446.2664462,
 author = {Shihab, Emad and Kamei, Yasutaka and Bhattacharya, Pamela},
 title = {Mining Challenge 2012: The Android Platform},
 booktitle = {Proceedings of the 9th IEEE Working Conference on Mining Software Repositories},
 series = {MSR '12},
 year = {2012},
 isbn = {978-1-4673-1761-0},
 location = {Zurich, Switzerland},
 pages = {112--115},
 numpages = {4},
 url = {http://dl.acm.org/citation.cfm?id=2664446.2664462},
 acmid = {2664462},
 publisher = {IEEE Press},
 address = {Piscataway, NJ, USA},
 keywords = {Android platform, MSR challenge, mining software repositories},
}

%%%%3
@inproceedings{Syer:2013:RPE:2555523.2555553,
 author = {Syer, Mark D. and Nagappan, Meiyappan and Hassan, Ahmed E. and Adams, Bram},
 title = {Revisiting Prior Empirical Findings for Mobile Apps: An Empirical Case Study on the 15 Most Popular Open-source Android Apps},
 booktitle = {Proceedings of the 2013 Conference of the Center for Advanced Studies on Collaborative Research},
 series = {CASCON '13},
 year = {2013},
 location = {Ontario, Canada},
 pages = {283--297},
 numpages = {15},
 url = {http://dl.acm.org/citation.cfm?id=2555523.2555553},
 acmid = {2555553},
 publisher = {IBM Corp.},
 address = {Riverton, NJ, USA},
} 

%%%%4
@inproceedings{Bettenburg:2008:MGB:1453101.1453146,
 author = {Bettenburg, Nicolas and Just, Sascha and Schr\"{o}ter, Adrian and Weiss, Cathrin and Premraj, Rahul and Zimmermann, Thomas},
 title = {What Makes a Good Bug Report?},
 booktitle = {Proceedings of the 16th ACM SIGSOFT International Symposium on Foundations of Software Engineering},
 series = {SIGSOFT '08/FSE-16},
 year = {2008},
 isbn = {978-1-59593-995-1},
 location = {Atlanta, Georgia},
 pages = {308--318},
 numpages = {11},
 url = {http://doi.acm.org/10.1145/1453101.1453146},
 doi = {10.1145/1453101.1453146},
 acmid = {1453146},
 publisher = {ACM},
 address = {New York, NY, USA},
}


%%%%5

@inproceedings{Asaduzzaman:2012:BIC:2664446.2664463,
 author = {Asaduzzaman, Muhammad and Bullock, Michael C. and Roy, Chanchal K. and Schneider, Kevin A.},
 title = {Bug Introducing Changes: A Case Study with Android},
 booktitle = {Proceedings of the 9th IEEE Working Conference on Mining Software Repositories},
 series = {MSR '12},
 year = {2012},
 isbn = {978-1-4673-1761-0},
 location = {Zurich, Switzerland},
 pages = {116--119},
 numpages = {4},
 url = {http://dl.acm.org/citation.cfm?id=2664446.2664463},
 acmid = {2664463},
 publisher = {IEEE Press},
 address = {Piscataway, NJ, USA},
 keywords = {bug, bug report, change log, fixes},
}


%%%%6

@INPROCEEDINGS{6224268, 
author={Martie, L. and Palepu, V.K. and Sajnani, H. and Lopes, C.}, 
booktitle={Mining Software Repositories (MSR), 2012 9th IEEE Working Conference on}, 
title={Trendy bugs: Topic trends in the Android bug reports}, 
year={2012}, 
month={June}, 
pages={120-123}, 
keywords={operating system kernels;program debugging;resource allocation;statistical analysis;Android OS;Android bug reports;Android open source project public issue tracker;documents magnitude;resource allocation;statistical analysis;topic distributions;trendy bugs;Androids;Google;Graphics;Humanoid robots;Java;Runtime;Smart phones;Android;bug logs;statistical trend analysis;topics}, 
doi={10.1109/MSR.2012.6224268}, 
ISSN={2160-1852},}


%%%%7

@INPROCEEDINGS{6113051, 
author={Jongyindee, A. and Ohira, M. and Ihara, A. and Matsumoto, K.-i.}, 
booktitle={Software Measurement, 2011 Joint Conference of the 21st Int'l Workshop on and 6th Int'l Conference on Software Process and Product Measurement (IWSM-MENSURA)}, 
title={Good or Bad Committers? A Case Study of Committers' Cautiousness and the Consequences on the Bug Fixing Process in the Eclipse Project}, 
year={2011}, 
month={Nov}, 
pages={116-125}, 
keywords={program debugging;public domain software;bug fixing process;committer cautiousness;eclipse project;eclipse-platform bug tracking system;open source software development;software repository;Computer bugs;Databases;Focusing;History;Open source software;Software measurement;bug fixing process;committer;open source software (OSS)}, 
doi={10.1109/IWSM-MENSURA.2011.24},}


%%%%8

@INPROCEEDINGS{6224271, 
author={Sinha, V.S. and Mani, S. and Gupta, M.}, 
booktitle={Mining Software Repositories (MSR), 2012 9th IEEE Working Conference on}, 
title={MINCE: Mining change history of Android project}, 
year={2012}, 
month={June}, 
pages={132-135}, 
keywords={codes;data mining;operating systems (computers);Android code;Android project;Google & Android account;IBM;Intel and RedHat account;MINCE;Oracle;SGI;TI;change volumes;churn levels;contributor community;device subprojects;industry participation;kernel subprojects;platform subproject;toolchain subprojects;tools subprojects;Androids;Communities;Companies;History;Humanoid robots;Kernel;Smart phones}, 
doi={10.1109/MSR.2012.6224271}, 
ISSN={2160-1852},}

%%%%9

@inproceedings{Iacob:2013:RAM:2487085.2487094,
 author = {Iacob, Claudia and Harrison, Rachel},
 title = {Retrieving and Analyzing Mobile Apps Feature Requests from Online Reviews},
 booktitle = {Proceedings of the 10th Working Conference on Mining Software Repositories},
 series = {MSR '13},
 year = {2013},
 isbn = {978-1-4673-2936-1},
 location = {San Francisco, CA, USA},
 pages = {41--44},
 numpages = {4},
 url = {http://dl.acm.org/citation.cfm?id=2487085.2487094},
 acmid = {2487094},
 publisher = {IEEE Press},
 address = {Piscataway, NJ, USA},
} 


%%%%10

@INPROCEEDINGS{10.1007/978-3-319-05452-0_4,
    author={Claudia Iacob and Rachel Harrison and Shamal Faily},
    title={Online Reviews as First Class Artifacts in Mobile App Development},
    proceedings={Mobile Computing, Applications, and Services. 5th International Conference, MobiCASE 2013, Paris, France, November 7-8, 2013, Revised Selected Papers},
    proceedings_a={MOBICASE},
    year={2014},
    month={6},
    keywords={Mobile apps engineering, app stores, online reviews},
    doi={10.1007/978-3-319-05452-0_4}
}



@article{saha2015understanding,
  title={Understanding the triaging and fixing processes of long lived bugs},
  author={Saha, Ripon K and Khurshid, Sarfraz and Perry, Dewayne E},
  journal={Information and Software Technology},
  volume={65},
  pages={114--128},
  year={2015},
  publisher={Elsevier}
}


@inproceedings{Marks:2011:SFB:2020390.2020401,
 author = {Marks, Lionel and Zou, Ying and Hassan, Ahmed E.},
 title = {Studying the Fix-time for Bugs in Large Open Source Projects},
 booktitle = {Proceedings of the 7th International Conference on Predictive Models in Software Engineering},
 series = {Promise '11},
 year = {2011},
 isbn = {978-1-4503-0709-3},
 location = {Banff, Alberta, Canada},
 pages = {11:1--11:8},
 articleno = {11},
 numpages = {8},
 url = {http://doi.acm.org/10.1145/2020390.2020401},
 doi = {10.1145/2020390.2020401},
 acmid = {2020401},
 publisher = {ACM},
 address = {New York, NY, USA},
 keywords = {bug fix-time, empirical software engineering, mining software repositories},
} 


@inproceedings{Bhattacharya:2011:BTP:1985441.1985472,
 author = {Bhattacharya, Pamela and Neamtiu, Iulian},
 title = {Bug-fix Time Prediction Models: Can We Do Better?},
 booktitle = {Proceedings of the 8th Working Conference on Mining Software Repositories},
 series = {MSR '11},
 year = {2011},
 isbn = {978-1-4503-0574-7},
 location = {Waikiki, Honolulu, HI, USA},
 pages = {207--210},
 numpages = {4},
 url = {http://doi.acm.org.ezproxy.rit.edu/10.1145/1985441.1985472},
 doi = {10.1145/1985441.1985472},
 acmid = {1985472},
 publisher = {ACM},
 address = {New York, NY, USA},
 keywords = {bug report triage, bug-fix time, issue tracking, statistical model},
}


@inproceedings{Shahriar:2014:CPL:2659651.2659716,
 author = {Shahriar, Hossain and Haddad, Hisham M.},
 title = {Content Provider Leakage Vulnerability Detection in Android Applications},
 booktitle = {Proceedings of the 7th International Conference on Security of Information and Networks},
 series = {SIN '14},
 year = {2014},
 isbn = {978-1-4503-3033-6},
 location = {Glasgow, Scotland, UK},
 pages = {359:359--359:366},
 articleno = {359},
 numpages = {8},
 url = {http://doi.acm.org/10.1145/2659651.2659716},
 doi = {10.1145/2659651.2659716},
 acmid = {2659716},
 publisher = {ACM},
 address = {New York, NY, USA},
 keywords = {Android Application, Content Provider Vulnerability, Kullback-Leibler Divergence, SQL Injection, Secure Programming},
} 


@ARTICLE{SMR:SMR225,
  author = {Seaman, Carolyn B.},
  title = {Software Maintenance: Concepts and Practice},
  journal = {Journal of Software Maintenance and Evolution: Research and Practice},
  year = {2001},
  volume = {13},
  pages = {143--147},
  number = {2},
  doi = {10.1002/smr.225},
  issn = {1532-0618},
  keywords = {software change, program understanding, maintenance process models,
	software reuse, software maintainability},
  publisher = {John Wiley \& Sons, Ltd.},
  url = {http://dx.doi.org/10.1002/smr.225}
}

@inproceedings{Vasa:2012:PAM:2414536.2414577,
 author = {Vasa, Rajesh and Hoon, Leonard and Mouzakis, Kon and Noguchi, Akihiro},
 title = {A Preliminary Analysis of Mobile App User Reviews},
 booktitle = {Proceedings of the 24th Australian Computer-Human Interaction Conference},
 series = {OzCHI '12},
 year = {2012},
 isbn = {978-1-4503-1438-1},
 location = {Melbourne, Australia},
 pages = {241--244},
 numpages = {4},
 url = {http://doi.acm.org.ezproxy.rit.edu/10.1145/2414536.2414577},
 doi = {10.1145/2414536.2414577},
 acmid = {2414577},
 publisher = {ACM},
 address = {New York, NY, USA},
 keywords = {mobile apps, rating systems, reviews, text mining, user engagement, user expectations, user issues, word-of-mouth},
} 


@ARTICLE{7006337, 
author={Khalid, H. and Nagappan, M. and Hassan, A.}, 
journal={Software, IEEE}, 
title={Examining the Relationship between FindBugs Warnings and End User Ratings: A Case Study On 10,000 Android Apps}, 
year={2015}, 
month={}, 
volume={PP}, 
number={99}, 
pages={1-1}, 
keywords={Androids;Computer bugs;Google;Humanoid robots;Libraries;Mobile communication;Software}, 
doi={10.1109/MS.2015.29}, 
ISSN={0740-7459},}

@inproceedings{krutz2015FDroid,
  title={A Dataset of Open-Source Android Applications},
  author={Krutz, Daniel E and Mirakhorli, Mehdi and Malachowsky Samuel A. and Ruiz, Andres and Peterson, Jacob and Filipski, Andrew and Smith, Jared},
  booktitle={Proceedings of the 12th Working Conference on Mining Software Repositories},
  year={2015},
  organization={ACM}
}


@URL {AndroidStats_URL,
  title = {Number of apps available in leading app stores as of July 2015},
  url = {http://www.statista.com/statistics/276623/number-of-apps-available-in-leading-app-stores/},
  year = 2015,
  howpublished = {\url{http://www.statista.com/statistics/276623/number-of-apps-available-in-leading-app-stores/}}
}

@URL {FindBugs_URL,
  title = {FindBugs - Find Bugs in Java Programs},
  url = {http://findbugs.sourceforge.net},
  year = 2015,
  howpublished = {\url{http://findbugs.sourceforge.net}}
}



@article{Khalid2014,
author = {Hammad Khalid and Emad Shihab and Meiyappan Nagappan and Ahmed Hassan},
title = {What Do Mobile App Users Complain About? A Study on Free iOS Apps},
journal ={IEEE Software},
volume = {99},
number = {PrePrints},
issn = {0740-7459},
year = {2014},
pages = {1},
doi = {http://doi.ieeecomputersociety.org/10.1109/MS.2014.50},
publisher = {IEEE Computer Society},
address = {Los Alamitos, CA, USA},
}


@inproceedings{linares2013api,
  title={API change and fault proneness: a threat to the success of Android apps},
  author={Linares-V{\'a}squez, Mario and Bavota, Gabriele and Bernal-C{\'a}rdenas, Carlos and Di Penta, Massimiliano and Oliveto, Rocco and Poshyvanyk, Denys},
  booktitle={Proceedings of the 2013 9th joint meeting on foundations of software engineering},
  pages={477--487},
  year={2013},
  organization={ACM}
}


@inproceedings{johnson2013don,
  title={Why don't software developers use static analysis tools to find bugs?},
  author={Johnson, Bryant and Song, Yoonki and Murphy-Hill, Emerson and Bowdidge, Robert},
  booktitle={Software Engineering (ICSE), 2013 35th International Conference on},
  pages={672--681},
  year={2013},
  organization={IEEE}
}

@article{chess2004static,
  title={Static analysis for security},
  author={Chess, Brian and McGraw, Gary},
  journal={IEEE Security \& Privacy},
  number={6},
  pages={76--79},
  year={2004},
  publisher={IEEE}
}

@inproceedings{Thung:2012:EWD:2351676.2351685,
 author = {Thung, Ferdian and Lucia and Lo, David and Jiang, Lingxiao and Rahman, Foyzur and Devanbu, Premkumar T.},
 title = {To What Extent Could We Detect Field Defects? An Empirical Study of False Negatives in Static Bug Finding Tools},
 booktitle = {Proceedings of the 27th IEEE/ACM International Conference on Automated Software Engineering},
 series = {ASE 2012},
 year = {2012},
 isbn = {978-1-4503-1204-2},
 location = {Essen, Germany},
 pages = {50--59},
 numpages = {10},
 url = {http://doi.acm.org.ezproxy.rit.edu/10.1145/2351676.2351685},
 doi = {10.1145/2351676.2351685},
 acmid = {2351685},
 publisher = {ACM},
 address = {New York, NY, USA},
 keywords = {Static bug-finding tools, false negatives, field defects},
} 
