% This file was created with JabRef 2.7.2.
% Encoding: ISO8859_1

@INPROCEEDINGS{Achara:2014:SPW:2627393.2627399,
  author = {Achara, Jagdish Prasad and Cunche, Mathieu and Roca, Vincent and
	Francillon, Aur{\'e}lien},
  title = {Short Paper: WifiLeaks: Underestimated Privacy Implications of the
	Access Wifi State Android Permission},
  booktitle = {Proceedings of the 2014 ACM Conference on Security and Privacy in
	Wireless Mobile Networks},
  year = {2014},
  series = {WiSec '14},
  pages = {231--236},
  address = {New York, NY, USA},
  publisher = {ACM},
  acmid = {2627399},
  doi = {10.1145/2627393.2627399},
  isbn = {978-1-4503-2972-9},
  keywords = {android permissions, personally identifiable information (pii) leakage,
	static/dynamic analysis, user survey, wi-fi},
  location = {Oxford, United Kingdom},
  numpages = {6},
  url = {http://doi.acm.org/10.1145/2627393.2627399}
}

@ELECTRONIC{bouncer_url1,
  author = {Tommy Armendariz},
  title = {Virus and Computer Safety Concerns},
  howpublished = {http://antivirus.about.com/od/wirelessthreats/a/Is-Google-Play-Safe.htm},
  url = {http://antivirus.about.com/od/wirelessthreats/a/Is-Google-Play-Safe.htm},
  owner = {dan},
  timestamp = {2014.08.09}
}

@INPROCEEDINGS{Au:2012:PAA:2382196.2382222,
  author = {Au, Kathy Wain Yee and Zhou, Yi Fan and Huang, Zhen and Lie, David},
  title = {PScout: Analyzing the Android Permission Specification},
  booktitle = {Proceedings of the 2012 ACM Conference on Computer and Communications
	Security},
  year = {2012},
  series = {CCS '12},
  pages = {217--228},
  address = {New York, NY, USA},
  publisher = {ACM},
  acmid = {2382222},
  doi = {10.1145/2382196.2382222},
  isbn = {978-1-4503-1651-4},
  keywords = {android, permissions, smartphone},
  location = {Raleigh, North Carolina, USA},
  numpages = {12},
  url = {http://doi.acm.org/10.1145/2382196.2382222}
}

@INPROCEEDINGS{Aversano:2007:CME:1251979.1252776,
  author = {Aversano, Lerina and Cerulo, Luigi and Di Penta, Massimiliano},
  title = {How Clones Are Maintained: An Empirical Study},
  booktitle = {Proceedings of the 11th European Conference on Software Maintenance
	and Reengineering},
  year = {2007},
  series = {CSMR '07},
  pages = {81--90},
  address = {Washington, DC, USA},
  publisher = {IEEE Computer Society},
  acmid = {1252776},
  doi = {10.1109/CSMR.2007.26},
  isbn = {0-7695-2802-3},
  numpages = {10},
  url = {http://dx.doi.org/10.1109/CSMR.2007.26}
}

@INPROCEEDINGS{Barrera:2010:MEA:1866307.1866317,
  author = {Barrera, David and Kayacik, H. G\"{u}ne\c{s} and van Oorschot, Paul
	C. and Somayaji, Anil},
  title = {A Methodology for Empirical Analysis of Permission-based Security
	Models and Its Application to Android},
  booktitle = {Proceedings of the 17th ACM Conference on Computer and Communications
	Security},
  year = {2010},
  series = {CCS '10},
  pages = {73--84},
  address = {New York, NY, USA},
  publisher = {ACM},
  acmid = {1866317},
  doi = {10.1145/1866307.1866317},
  isbn = {978-1-4503-0245-6},
  keywords = {access control, permission-based security, self-organizing maps, smartphone
	operating systems, visualization},
  location = {Chicago, Illinois, USA},
  numpages = {12},
  url = {http://doi.acm.org/10.1145/1866307.1866317}
}

@INPROCEEDINGS{Bartel:2012:ASP:2351676.2351722,
  author = {Bartel, Alexandre and Klein, Jacques and Le Traon, Yves and Monperrus,
	Martin},
  title = {Automatically Securing Permission-based Software by Reducing the
	Attack Surface: An Application to Android},
  booktitle = {Proceedings of the 27th IEEE/ACM International Conference on Automated
	Software Engineering},
  year = {2012},
  series = {ASE 2012},
  pages = {274--277},
  address = {New York, NY, USA},
  publisher = {ACM},
  acmid = {2351722},
  doi = {10.1145/2351676.2351722},
  isbn = {978-1-4503-1204-2},
  keywords = {Android, Permissions, Soot, call-graph, permission-based software,
	security, static analysis},
  location = {Essen, Germany},
  numpages = {4},
  url = {http://doi.acm.org/10.1145/2351676.2351722}
}

@INPROCEEDINGS{Chin:2011:AIC:1999995.2000018,
  author = {Chin, Erika and Felt, Adrienne Porter and Greenwood, Kate and Wagner,
	David},
  title = {Analyzing Inter-application Communication in Android},
  booktitle = {Proceedings of the 9th International Conference on Mobile Systems,
	Applications, and Services},
  year = {2011},
  series = {MobiSys '11},
  pages = {239--252},
  address = {New York, NY, USA},
  publisher = {ACM},
  acmid = {2000018},
  doi = {10.1145/1999995.2000018},
  isbn = {978-1-4503-0643-0},
  keywords = {Android, intents, message passing, mobile phone security},
  location = {Bethesda, Maryland, USA},
  numpages = {14},
  url = {http://doi.acm.org/10.1145/1999995.2000018}
}

@INPROCEEDINGS{Chin:2012:MUC:2335356.2335358,
  author = {Chin, Erika and Felt, Adrienne Porter and Sekar, Vyas and Wagner,
	David},
  title = {Measuring User Confidence in Smartphone Security and Privacy},
  booktitle = {Proceedings of the Eighth Symposium on Usable Privacy and Security},
  year = {2012},
  series = {SOUPS '12},
  pages = {1:1--1:16},
  address = {New York, NY, USA},
  publisher = {ACM},
  acmid = {2335358},
  articleno = {1},
  doi = {10.1145/2335356.2335358},
  isbn = {978-1-4503-1532-6},
  keywords = {application installation, laptop usage, mobile phone usage, smartphones},
  location = {Washington, D.C.},
  numpages = {16},
  url = {http://doi.acm.org.ezproxy.rit.edu/10.1145/2335356.2335358}
}

@INPROCEEDINGS{Cordy:2011:NCD:2057176.2057234,
  author = {Cordy, James R. and Roy, Chanchal K.},
  title = {The NiCad Clone Detector},
  booktitle = {Proceedings of the 2011 IEEE 19th International Conference on Program
	Comprehension},
  year = {2011},
  series = {ICPC '11},
  pages = {219--220},
  address = {Washington, DC, USA},
  publisher = {IEEE Computer Society},
  acmid = {2057234},
  doi = {10.1109/ICPC.2011.26},
  isbn = {978-0-7695-4398-7},
  keywords = {tools, clone detection, NiCad, plugin architecture},
  numpages = {2},
  url = {http://dx.doi.org/10.1109/ICPC.2011.26}
}

@INPROCEEDINGS{Davi:2010:PEA:1949317.1949356,
  author = {Davi, Lucas and Dmitrienko, Alexandra and Sadeghi, Ahmad-Reza and
	Winandy, Marcel},
  title = {Privilege Escalation Attacks on Android},
  booktitle = {Proceedings of the 13th International Conference on Information Security},
  year = {2011},
  series = {ISC'10},
  pages = {346--360},
  address = {Berlin, Heidelberg},
  publisher = {Springer-Verlag},
  acmid = {1949356},
  isbn = {978-3-642-18177-1},
  location = {Boca Raton, FL, USA},
  numpages = {15},
  url = {http://dl.acm.org/citation.cfm?id=1949317.1949356}
}

@INPROCEEDINGS{Deshotels:2014:DAF:2556464.2556467,
  author = {Deshotels, Luke and Notani, Vivek and Lakhotia, Arun},
  title = {DroidLegacy: Automated Familial Classification of Android Malware},
  booktitle = {Proceedings of ACM SIGPLAN on Program Protection and Reverse Engineering
	Workshop 2014},
  year = {2014},
  series = {PPREW'14},
  pages = {3:1--3:12},
  address = {New York, NY, USA},
  publisher = {ACM},
  acmid = {2556467},
  articleno = {3},
  doi = {10.1145/2556464.2556467},
  isbn = {978-1-4503-2649-0},
  keywords = {Android malware, class dependence graphs, familial classification,
	malware detection, module generation, piggybacked malware, signature
	generation, static analysis},
  location = {San Diego, CA, USA},
  numpages = {12},
  url = {http://doi.acm.org/10.1145/2556464.2556467}
}

@INPROCEEDINGS{6296014,
  author = {Egners, A. and Meyer, U. and Marschollek, B.},
  title = {Messing with Android's Permission Model},
  booktitle = {Trust, Security and Privacy in Computing and Communications (TrustCom),
	2012 IEEE 11th International Conference on},
  year = {2012},
  pages = {505-514},
  doi = {10.1109/TrustCom.2012.203},
  keywords = {operating systems (computers);security of data;smart phones;Android
	permission model;Google Android platform;alterability;attack selection;dialog
	box;missing granularity;nonsuspicious permissions;smartphone operating
	systems;third party applications;Androids;Humanoid robots;Internet;Libraries;Operating
	systems;Security;Smart phones;Android;Attack;Permission;Smartphone}
}

@INPROCEEDINGS{Felt:2011:APD:2046707.2046779,
  author = {Felt, Adrienne Porter and Chin, Erika and Hanna, Steve and Song,
	Dawn and Wagner, David},
  title = {Android Permissions Demystified},
  booktitle = {Proceedings of the 18th ACM Conference on Computer and Communications
	Security},
  year = {2011},
  series = {CCS '11},
  pages = {627--638},
  address = {New York, NY, USA},
  publisher = {ACM},
  acmid = {2046779},
  doi = {10.1145/2046707.2046779},
  isbn = {978-1-4503-0948-6},
  keywords = {android, least privilege, permissions},
  location = {Chicago, Illinois, USA},
  numpages = {12},
  url = {http://doi.acm.org/10.1145/2046707.2046779}
}

@INPROCEEDINGS{Felt:2011:EAP:2002168.2002175,
  author = {Felt, Adrienne Porter and Greenwood, Kate and Wagner, David},
  title = {The Effectiveness of Application Permissions},
  booktitle = {Proceedings of the 2Nd USENIX Conference on Web Application Development},
  year = {2011},
  series = {WebApps'11},
  pages = {7--7},
  address = {Berkeley, CA, USA},
  publisher = {USENIX Association},
  acmid = {2002175},
  location = {Portland, OR},
  numpages = {1},
  url = {http://dl.acm.org/citation.cfm?id=2002168.2002175}
}

@INPROCEEDINGS{6413840,
  author = {Frank, M. and Ben Dong and Felt, A.P. and Song, D.},
  title = {Mining Permission Request Patterns from Android and Facebook Applications},
  booktitle = {Data Mining (ICDM), 2012 IEEE 12th International Conference on},
  year = {2012},
  pages = {870-875},
  doi = {10.1109/ICDM.2012.86},
  issn = {1550-4786},
  keywords = {Boolean algebra;application program interfaces;data mining;data privacy;matrix
	decomposition;operating systems (computers);social networking (online);Android;Boolean
	matrix factorization;Facebook;application quality;high-reputation
	application;low-reputation application;overlapping permission clusters;permission
	request pattern mining;permission system;privacy-or security-relevant
	API call;private data;security measure;third-party application;user
	satisfaction;Androids;Facebook;Hardware;Humanoid robots;Malware;Smart
	phones;Training;Android;Facebook;Permissions;Smartphones;Unsupervised
	learning;pattern mining}
}

@INPROCEEDINGS{grace2012systematic,
  author = {Grace, Michael C and Zhou, Yajin and Wang, Zhi and Jiang, Xuxian},
  title = {Systematic Detection of Capability Leaks in Stock Android Smartphones.},
  booktitle = {NDSS},
  year = {2012}
}

@ARTICLE{jeon2011dr,
  author = {Jeon, Jinseong and Micinski, Kristopher K and Vaughan, Jeffrey A
	and Reddy, Nikhilesh and Zhu, Yixin and Foster, Jeffrey S and Millstein,
	Todd},
  title = {Dr. Android and Mr. Hide: Fine-grained security policies on unmodified
	Android},
  year = {2011}
}

@INPROCEEDINGS{Kim:2011:MMC:1985793.1985835,
  author = {Kim, Heejung and Jung, Yungbum and Kim, Sunghun and Yi, Kwankeun},
  title = {MeCC: Memory Comparison-based Clone Detector},
  booktitle = {Proceedings of the 33rd International Conference on Software Engineering},
  year = {2011},
  series = {ICSE '11},
  pages = {301--310},
  address = {New York, NY, USA},
  publisher = {ACM},
  acmid = {1985835},
  doi = {10.1145/1985793.1985835},
  isbn = {978-1-4503-0445-0},
  keywords = {abstract interpretation, clone detection, software maintenance, static
	analysis},
  location = {Waikiki, Honolulu, HI, USA},
  numpages = {10},
  url = {http://doi.acm.org.ezproxy.rit.edu/10.1145/1985793.1985835}
}

@INPROCEEDINGS{6671332,
  author = {Krutz, D.E. and Shihab, E.},
  title = {CCCD: Concolic code clone detection},
  booktitle = {Reverse Engineering (WCRE), 2013 20th Working Conference on},
  year = {2013},
  pages = {489-490},
  month = {Oct},
  doi = {10.1109/WCRE.2013.6671332},
  keywords = {program diagnostics;software maintenance;software tools;CCCD;Concolic
	Code Clone Discovery tool;clone detection tool;concolic analysis;concolic
	code clone detection;type-4 clones;Cloning;Conferences;IEEE Computer
	Society;Software;Software engineering;Software reliability}
}

@CONFERENCE{Lee_2013,
  author = {Sung-Hoon Lee and Seung-Hun Jin},
  title = {Warning System for Detecting Malicious Applications on Android System},
  booktitle = {International Journal of Computer and Communication Engineering},
  year = {2013},
  owner = {dkrutz},
  timestamp = {2014.05.14}
}

@INPROCEEDINGS{Marforio:2012:ACC:2420950.2420958,
  author = {Marforio, Claudio and Ritzdorf, Hubert and Francillon, Aur{\'e}lien
	and Capkun, Srdjan},
  title = {Analysis of the Communication Between Colluding Applications on Modern
	Smartphones},
  booktitle = {Proceedings of the 28th Annual Computer Security Applications Conference},
  year = {2012},
  series = {ACSAC '12},
  pages = {51--60},
  address = {New York, NY, USA},
  publisher = {ACM},
  acmid = {2420958},
  doi = {10.1145/2420950.2420958},
  isbn = {978-1-4503-1312-4},
  location = {Orlando, Florida},
  numpages = {10},
  url = {http://doi.acm.org/10.1145/2420950.2420958}
}

@ARTICLE{Mirzaei:2012:TAA:2382756.2382798,
  author = {Mirzaei, Nariman and Malek, Sam and P\u{a}s\u{a}reanu, Corina S.
	and Esfahani, Naeem and Mahmood, Riyadh},
  title = {Testing Android Apps Through Symbolic Execution},
  journal = {SIGSOFT Softw. Eng. Notes},
  year = {2012},
  volume = {37},
  pages = {1--5},
  number = {6},
  month = nov,
  acmid = {2382798},
  address = {New York, NY, USA},
  doi = {10.1145/2382756.2382798},
  issn = {0163-5948},
  issue_date = {November 2012},
  keywords = {Java Pathfinder, android, symbolic pathfinder, testing},
  numpages = {5},
  publisher = {ACM},
  url = {http://doi.acm.org/10.1145/2382756.2382798}
}

@INPROCEEDINGS{Pearce:2012:APS:2414456.2414498,
  author = {Pearce, Paul and Felt, Adrienne Porter and Nunez, Gabriel and Wagner,
	David},
  title = {AdDroid: Privilege Separation for Applications and Advertisers in
	Android},
  booktitle = {Proceedings of the 7th ACM Symposium on Information, Computer and
	Communications Security},
  year = {2012},
  series = {ASIACCS '12},
  pages = {71--72},
  address = {New York, NY, USA},
  publisher = {ACM},
  acmid = {2414498},
  doi = {10.1145/2414456.2414498},
  isbn = {978-1-4503-1648-4},
  location = {Seoul, Korea},
  numpages = {2},
  url = {http://doi.acm.org/10.1145/2414456.2414498}
}

@INPROCEEDINGS{poeplau2014execute,
  author = {Poeplau, Sebastian and Fratantonio, Yanick and Bianchi, Antonio and
	Kruegel, Christopher and Vigna, Giovanni},
  title = {Execute this! analyzing unsafe and malicious dynamic code loading
	in android applications},
  booktitle = {NDSS},
  year = {2014},
  volume = {14},
  pages = {23--26}
}

@ARTICLE{Roy:2009:CEC:1530898.1531101,
  author = {Roy, Chanchal K. and Cordy, James R. and Koschke, Rainer},
  title = {Comparison and Evaluation of Code Clone Detection Techniques and
	Tools: A Qualitative Approach},
  journal = {Sci. Comput. Program.},
  year = {2009},
  volume = {74},
  pages = {470--495},
  number = {7},
  month = may,
  acmid = {1531101},
  address = {Amsterdam, The Netherlands, The Netherlands},
  doi = {10.1016/j.scico.2009.02.007},
  issn = {0167-6423},
  issue_date = {May, 2009},
  keywords = {Clone detection, Comparison, Scenario-based evaluation, Software clone},
  numpages = {26},
  publisher = {Elsevier North-Holland, Inc.},
  url = {http://dx.doi.org/10.1016/j.scico.2009.02.007}
}

@INPROCEEDINGS{rutar2004comparison,
  author = {Rutar, Nick and Almazan, Christian B and Foster, Jeffrey S},
  title = {A comparison of bug finding tools for Java},
  booktitle = {Software Reliability Engineering, 2004. ISSRE 2004. 15th International
	Symposium on},
  year = {2004},
  pages = {245--256},
  organization = {IEEE}
}

@ARTICLE{saltzer1975protection,
  author = {Saltzer, Jerome H and Schroeder, Michael D},
  title = {The protection of information in computer systems},
  journal = {Proceedings of the IEEE},
  year = {1975},
  volume = {63},
  pages = {1278--1308},
  number = {9},
  publisher = {IEEE}
}

@INPROCEEDINGS{6641043,
  author = {Salva, S. and Zafimiharisoa, S.R.},
  title = {Data vulnerability detection by security testing for Android applications},
  booktitle = {Information Security for South Africa, 2013},
  year = {2013},
  pages = {1-8},
  month = {Aug},
  doi = {10.1109/ISSA.2013.6641043},
  keywords = {formal specification;mobile computing;program testing;security of
	data;APSET;Android applications;Android intent messaging;component
	codes;configuration files;data vulnerability detection;intent mechanism;intent-based
	vulnerabilities;mobile applications;model-based security testing
	approach;partial specifications;security attacks;vulnerability patterns;Androids;Documentation;Humanoid
	robots;Security;Semantics;Suspensions;Testing;Android applications;Mobile
	device security;Model-based testing;Security testing}
}

@INPROCEEDINGS{Sarma:2012:APP:2295136.2295141,
  author = {Sarma, Bhaskar Pratim and Li, Ninghui and Gates, Chris and Potharaju,
	Rahul and Nita-Rotaru, Cristina and Molloy, Ian},
  title = {Android Permissions: A Perspective Combining Risks and Benefits},
  booktitle = {Proceedings of the 17th ACM Symposium on Access Control Models and
	Technologies},
  year = {2012},
  series = {SACMAT '12},
  pages = {13--22},
  address = {New York, NY, USA},
  publisher = {ACM},
  acmid = {2295141},
  doi = {10.1145/2295136.2295141},
  isbn = {978-1-4503-1295-0},
  keywords = {android, malware},
  location = {Newark, New Jersey, USA},
  numpages = {10},
  url = {http://doi.acm.org/10.1145/2295136.2295141}
}

@ARTICLE{shaerpour2013trends,
  author = {Shaerpour, Kaveh and Dehghantanha, Ali and Mahmod, Ramlan},
  title = {TRENDS IN ANDROID MALWARE DETECTION.},
  journal = {Journal of Digital Forensics, Security \& Law},
  year = {2013},
  volume = {8},
  number = {3}
}

@ARTICLE{Sridharan:2006:RCP:1133255.1134027,
  author = {Sridharan, Manu and Bod\'{\i}k, Rastislav},
  title = {Refinement-based Context-sensitive Points-to Analysis for Java},
  journal = {SIGPLAN Not.},
  year = {2006},
  volume = {41},
  pages = {387--400},
  number = {6},
  month = jun,
  acmid = {1134027},
  address = {New York, NY, USA},
  doi = {10.1145/1133255.1134027},
  issn = {0362-1340},
  issue_date = {June 2006},
  keywords = {context-sensitive analysis, demand-driven analysis, points-to analysis,
	refinement},
  numpages = {14},
  publisher = {ACM},
  url = {http://doi.acm.org/10.1145/1133255.1134027}
}

@INPROCEEDINGS{6624000,
  author = {Stevens, R. and Ganz, J. and Filkov, V. and Devanbu, P. and Hao Chen},
  title = {Asking for (and about) permissions used by Android apps},
  booktitle = {Mining Software Repositories (MSR), 2013 10th IEEE Working Conference
	on},
  year = {2013},
  pages = {31-40},
  doi = {10.1109/MSR.2013.6624000},
  issn = {2160-1852},
  keywords = {Linux;Web sites;authorisation;mobile computing;Android markets;StackOverflow;free-Android
	applications;mobile platforms;online fora;over-liberal permission
	request;permission discussions;permission interference;permission
	misuse;permission popularity;security policies;sublinear relationship;Androids;Documentation;Humanoid
	robots;Interference;Java;Security;Software}
}

@MISC{Stevens_investigatinguser,
  author = {Ryan Stevens and Clint Gibler and Jon Crussell and Jeremy Erickson
	and Hao Chen},
  title = {Investigating User Privacy in Android Ad Libraries}
}

@INPROCEEDINGS{Tripp:2009:TET:1542476.1542486,
  author = {Tripp, Omer and Pistoia, Marco and Fink, Stephen J. and Sridharan,
	Manu and Weisman, Omri},
  title = {TAJ: Effective Taint Analysis of Web Applications},
  booktitle = {Proceedings of the 2009 ACM SIGPLAN Conference on Programming Language
	Design and Implementation},
  year = {2009},
  series = {PLDI '09},
  pages = {87--97},
  address = {New York, NY, USA},
  publisher = {ACM},
  acmid = {1542486},
  doi = {10.1145/1542476.1542486},
  isbn = {978-1-60558-392-1},
  keywords = {java, program analysis, security, slicing, static analysis, taint
	analysis, web application},
  location = {Dublin, Ireland},
  numpages = {11},
  url = {http://doi.acm.org/10.1145/1542476.1542486}
}

@INPROCEEDINGS{6613857,
  author = {Uddin, M.S. and Roy, C.K. and Schneider, K.A.},
  title = {SimCad: An extensible and faster clone detection tool for large scale
	software systems},
  booktitle = {Program Comprehension (ICPC), 2013 IEEE 21st International Conference
	on},
  year = {2013},
  pages = {236-238},
  month = {May},
  doi = {10.1109/ICPC.2013.6613857},
  issn = {1063-6897},
  keywords = {software engineering;software libraries;IDE;SimCad;SimLib;clone detection
	tool;clone management functionalities;code cloning;integrated development
	environment;large scale software systems;off-the-shelf clone detection
	library;software systems evolution;Cloning;Graphical user interfaces;Java;Libraries;Software
	systems;XML}
}

@INPROCEEDINGS{Vidas11curbingandroid,
  author = {Timothy Vidas and Nicolas Christin and Lorrie Faith Cranor},
  title = {Curbing Android Permission Creep},
  booktitle = {In W2SP},
  year = {2011}
}

@ARTICLE{Viennot:2014:MSG:2637364.2592003,
  author = {Viennot, Nicolas and Garcia, Edward and Nieh, Jason},
  title = {A Measurement Study of Google Play},
  journal = {SIGMETRICS Perform. Eval. Rev.},
  year = {2014},
  volume = {42},
  pages = {221--233},
  number = {1},
  month = jun,
  acmid = {2592003},
  address = {New York, NY, USA},
  doi = {10.1145/2637364.2592003},
  issn = {0163-5999},
  issue_date = {June 2014},
  keywords = {android, authentication, clone detection, decompilation, google play,
	mobile computing, oauth, security},
  numpages = {13},
  publisher = {ACM},
  url = {http://doi.acm.org/10.1145/2637364.2592003}
}

@ELECTRONIC{qsconf_key,
  author = {Watkins, K. and Hann},
  year = {2013},
  title = {Mobile Apps in Security},
  url = {http://qconsf.com/system/files/presentation-slides/Mobile%20App%20(in)Security.pdf},
  owner = {dan},
  timestamp = {2014.07.02}
}

@INPROCEEDINGS{Wei:2012:PEA:2420950.2420956,
  author = {Wei, Xuetao and Gomez, Lorenzo and Neamtiu, Iulian and Faloutsos,
	Michalis},
  title = {Permission Evolution in the Android Ecosystem},
  booktitle = {Proceedings of the 28th Annual Computer Security Applications Conference},
  year = {2012},
  series = {ACSAC '12},
  pages = {31--40},
  address = {New York, NY, USA},
  publisher = {ACM},
  acmid = {2420956},
  doi = {10.1145/2420950.2420956},
  isbn = {978-1-4503-1312-4},
  location = {Orlando, Florida},
  numpages = {10},
  url = {http://doi.acm.org/10.1145/2420950.2420956}
}

@INPROCEEDINGS{6698893,
  author = {Xu, Wei and Zhang, Fangfang and Zhu, Sencun},
  title = {Permlyzer: Analyzing permission usage in Android applications},
  booktitle = {Software Reliability Engineering (ISSRE), 2013 IEEE 24th International
	Symposium on},
  year = {2013},
  pages = {400-410},
  doi = {10.1109/ISSRE.2013.6698893}
}

@ARTICLE{6687155,
  author = {Yerima, S.Y. and Sezer, S. and McWilliams, G.},
  title = {Analysis of Bayesian classification-based approaches for Android
	malware detection},
  journal = {Information Security, IET},
  year = {2014},
  volume = {8},
  pages = {25-36},
  number = {1},
  month = {Jan},
  doi = {10.1049/iet-ifs.2013.0095},
  issn = {1751-8709},
  keywords = {invasive software;learning (artificial intelligence);operating system
	kernels;pattern classification;smart phones;Android malware detection;machine
	learning;mobile malware;signature based scanning;smartphones;static
	analysis;static analytic Bayesian classification}
}

@INPROCEEDINGS{Zhang:2013:EMA:2501553.2501554,
  author = {Zhang, Jack and Sagar, Shikhar and Shihab, Emad},
  title = {The Evolution of Mobile Apps: An Exploratory Study},
  booktitle = {Proceedings of the 2013 International Workshop on Software Development
	Lifecycle for Mobile},
  year = {2013},
  series = {DeMobile 2013},
  pages = {1--8},
  address = {New York, NY, USA},
  publisher = {ACM},
  acmid = {2501554},
  doi = {10.1145/2501553.2501554},
  isbn = {978-1-4503-2312-3},
  keywords = {Software evolution, mobile applica- tions, mobile software engineering},
  location = {Saint Petersburg, Russia},
  numpages = {8},
  url = {http://doi.acm.org/10.1145/2501553.2501554}
}

@INPROCEEDINGS{zhang2013vetting,
  author = {Zhang, Yuan and Yang, Min and Xu, Bingquan and Yang, Zhemin and Gu,
	Guofei and Ning, Peng and Wang, X Sean and Zang, Binyu},
  title = {Vetting undesirable behaviors in android apps with permission use
	analysis},
  booktitle = {Proceedings of the 2013 ACM SIGSAC conference on Computer \& communications
	security},
  year = {2013},
  pages = {611--622},
  organization = {ACM}
}

@INPROCEEDINGS{6394460,
  author = {Jiagui Zhong and Jianjun Huang and Bin Liang},
  title = {Android Permission Re-delegation Detection and Test Case Generation},
  booktitle = {Computer Science Service System (CSSS), 2012 International Conference
	on},
  year = {2012},
  pages = {871-874},
  doi = {10.1109/CSSS.2012.222},
  keywords = {Java;data flow analysis;formal specification;operating systems (computers);program
	testing;smart phones;Android operating system;Android permission
	redelegation detection;Android platform;Android test case generation;Diordna;Java
	byte codes;dataflow analysis;intent based IPC channel;intent oriented
	test case specification generation;interprocess communication;public
	entry points;security problems;smart phones;static analysis tool;system
	API;Androids;Humanoid robots;Java;Operating systems;Privacy;Security;Smart
	phones;Android permission re-delegation;IPC;detection;intent;test
	case generation}
}

@INPROCEEDINGS{Zhou:2012:DRS:2133601.2133640,
  author = {Zhou, Wu and Zhou, Yajin and Jiang, Xuxian and Ning, Peng},
  title = {Detecting Repackaged Smartphone Applications in Third-party Android
	Marketplaces},
  booktitle = {Proceedings of the Second ACM Conference on Data and Application
	Security and Privacy},
  year = {2012},
  series = {CODASPY '12},
  pages = {317--326},
  address = {New York, NY, USA},
  publisher = {ACM},
  acmid = {2133640},
  doi = {10.1145/2133601.2133640},
  isbn = {978-1-4503-1091-8},
  keywords = {privacy and security, repackaging, smartphones},
  location = {San Antonio, Texas, USA},
  numpages = {10},
  url = {http://doi.acm.org/10.1145/2133601.2133640}
}

@INPROCEEDINGS{Zhou:2012:DAM:2310656.2310710,
  author = {Zhou, Yajin and Jiang, Xuxian},
  title = {Dissecting Android Malware: Characterization and Evolution},
  booktitle = {Proceedings of the 2012 IEEE Symposium on Security and Privacy},
  year = {2012},
  series = {SP '12},
  pages = {95--109},
  address = {Washington, DC, USA},
  publisher = {IEEE Computer Society},
  acmid = {2310710},
  doi = {10.1109/SP.2012.16},
  isbn = {978-0-7695-4681-0},
  keywords = {Android malware, smartphone security},
  numpages = {15},
  url = {http://dx.doi.org/10.1109/SP.2012.16}
}

@ELECTRONIC{androguard_url,
  title = {Androguard},
  howpublished = {https://code.google.com/p/androguard/},
  owner = {dkrutz},
  timestamp = {2014.05.14}
}

@ELECTRONIC{androidpopularity_url,
  title = {Android, the world's most popular mobile platform.},
  howpublished = {http://developer.android.com/about/index.html},
  url = {http://developer.android.com/about/index.html},
  owner = {dan},
  timestamp = {2014.08.17}
}

@ELECTRONIC{androidsecuritytips_url,
  title = {Security Tips},
  howpublished = {\url{http://developer.android.com/training/articles/security-tips.html}},
  url = {http://developer.android.com/training/articles/security-tips.html},
  owner = {dan},
  timestamp = {2014.08.15}
}

@ELECTRONIC{apkparser_link,
  title = {APK Parser},
  howpublished = {https://github.com/joakime/android-apk-parser},
  owner = {dkrutz},
  timestamp = {2014.06.06}
}

@ELECTRONIC{appbrain_stats_url,
  title = {AppBrain Stats},
  howpublished = {http://www.appbrain.com/stats/number-of-android-apps},
  url = {http://www.appbrain.com/stats/number-of-android-apps},
  owner = {dan},
  timestamp = {2014.08.15}
}

@ELECTRONIC{checkstyle_key,
  title = {CheckStyle},
  howpublished = {\url{http://checkstyle.sourceforge.net/}},
  url = {http://checkstyle.sourceforge.net/},
  timestamp = {2014.08.10}
}

@ELECTRONIC{CoinPirate_URL,
  title = {Coin Pirates},
  howpublished = {\url{http://nubee.com/en/game/coin_pirates/}},
  url = {http://nubee.com/en/game/coin_pirates/},
  timestamp = {2014.08.15}
}

@ELECTRONIC{CoinPirateReport_url,
  title = {Trojanized Android App Checks for Keywords in SMS Messages},
  howpublished = {http://blog.trendmicro.com/trendlabs-security-intelligence/trojanized-android-app-checks-for-keywords-in-sms-messages/},
  url = {http://blog.trendmicro.com/trendlabs-security-intelligence/trojanized-android-app-checks-for-keywords-in-sms-messages/},
  timestamp = {2014.08.15}
}

@ELECTRONIC{contagio_url,
  title = {Contagio Mobile},
  howpublished = {http://contagiominidump.blogspot.com},
  timestamp = {2014.06.13}
}

@ELECTRONIC{dex2jar_key,
  title = {dex2jar},
  howpublished = {https://code.google.com/p/dex2jar/},
  url = {https://code.google.com/p/dex2jar/},
  timestamp = {2014.05.14}
}

@ELECTRONIC{findbugs_key,
  title = {FindBugs},
  howpublished = {http://findbugs.sourceforge.net/},
  url = {http://findbugs.sourceforge.net/},
  timestamp = {2014.05.14}
}

@ELECTRONIC{jdcmd_key,
  title = {jd-cmd},
  howpublished = {https://github.com/kwart/jd-cmd},
  url = {https://github.com/kwart/jd-cmd},
  timestamp = {2014.05.14}
}

@ELECTRONIC{jlint_key,
  title = {Jlint},
  howpublished = {http://jlint.sourceforge.net/},
  url = {http://jlint.sourceforge.net/},
  timestamp = {2014.05.14}
}

@ELECTRONIC{permissionLevelsURL,
  title = {Android Developers},
  howpublished = {http://developer.android.com/guide/topics/manifest/permission-element.html},
  url = {http://developer.android.com/guide/topics/manifest/permission-element.html},
  timestamp = {2014.01.25}
}

@ELECTRONIC{scrapy_URL,
  title = {Scrapy},
  howpublished = {http://scrapy.org},
  url = {http://scrapy.org},
  timestamp = {2014.06.13}
}

@ELECTRONIC{listofstores_URL,
  title = {List of Android App Stores},
  howpublished = {\url{http://www.onepf.org/appstores/}},
  url = {http://www.onepf.org/appstores/},
  timestamp = {2014.06.13}
}

@ELECTRONIC{manifest_url,
  month = {July},
  year = {2014},
  title = {Manifest.permission},
  howpublished = {\url{http://developer.android.com/reference/android/Manifest.permission.html}},
  owner = {dan},
  timestamp = {2014.07.02}
}

@ELECTRONIC{manifestpermission,
  title = {Manifest.permission},
  howpublished = {\url{http://developer.android.com/reference/android/Manifest.permission.html}},
  url = {http://developer.android.com/reference/android/Manifest.permission.html},
  owner = {dan},
  timestamp = {2014.08.09}
}


@ARTICLE{7006337, 
author={Khalid, H. and Nagappan, M. and Hassan, A.}, 
journal={Software, IEEE}, 
title={Examining the Relationship between FindBugs Warnings and End User Ratings: A Case Study On 10,000 Android Apps}, 
year={2015}, 
month={}, 
volume={PP}, 
number={99}, 
pages={1-1}, 
keywords={Androids;Computer bugs;Google;Humanoid robots;Libraries;Mobile communication;Software}, 
doi={10.1109/MS.2015.29}, 
ISSN={0740-7459},}


@inproceedings{krutz2015FDroid,
  title={A Dataset of Open-Source Android Applications},
  author={Krutz, Daniel E and Mirakhorli, Mehdi and Malachowsky Samuel A. and Ruiz, Andres and Peterson, Jacob and Filipski, Andrew and Smith, Jared},
  booktitle={Proceedings of the 12th Working Conference on Mining Software Repositories},
  year={2015},
  organization={ACM}
}


@article{chess2004static,
  title={Static analysis for security},
  author={Chess, Brian and McGraw, Gary},
  journal={IEEE Security \& Privacy},
  number={6},
  pages={76--79},
  year={2004},
  publisher={IEEE}
}

@ARTICLE{159342, 
journal={IEEE Std 610.12-1990}, 
title={IEEE Standard Glossary of Software Engineering Terminology}, 
year={1990}, 
month={Dec}, 
pages={1-84}, 
keywords={glossaries;software engineering;standards;IEEE Std 610.12-1990;software engineering terminology;standard glossary;Software engineering;Standards;Terminology;Definitions;Software engineering;dictionary;glossary;terminology},
doi={10.1109/IEEESTD.1990.101064},}


@INPROCEEDINGS{4413008, 
author={Moser, A. and Kruegel, C. and Kirda, E.}, 
booktitle={Computer Security Applications Conference, 2007. ACSAC 2007. Twenty-Third Annual}, 
title={Limits of Static Analysis for Malware Detection}, 
year={2007}, 
month={Dec}, 
pages={421-430}, 
keywords={invasive software;program diagnostics;program verification;theorem proving;code transformation;computer systems security;malicious code;malware detection;model checking;obfuscation transformation;pattern matching;program control flow;semantic signatures;spyware scanner;static analysis;theorem proving;virus detection;Application software;Computer security;Databases;Detectors;Face detection;Internet;Pattern matching;Performance analysis;Power system modeling;Registers}, 
doi={10.1109/ACSAC.2007.21}, 
ISSN={1063-9527},}


@inproceedings{Feng:2014:ASD:2635868.2635869,
 author = {Feng, Yu and Anand, Saswat and Dillig, Isil and Aiken, Alex},
 title = {Apposcopy: Semantics-based Detection of Android Malware Through Static Analysis},
 booktitle = {Proceedings of the 22Nd ACM SIGSOFT International Symposium on Foundations of Software Engineering},
 series = {FSE 2014},
 year = {2014},
 isbn = {978-1-4503-3056-5},
 location = {Hong Kong, China},
 pages = {576--587},
 numpages = {12},
 url = {http://doi.acm.org/10.1145/2635868.2635869},
 doi = {10.1145/2635868.2635869},
 acmid = {2635869},
 publisher = {ACM},
 address = {New York, NY, USA},
 keywords = {Android, Inter-component Call Graph, Taint Analysis},
} 

@inproceedings{Rastogi:2013:DEA:2484313.2484355,
 author = {Rastogi, Vaibhav and Chen, Yan and Jiang, Xuxian},
 title = {DroidChameleon: Evaluating Android Anti-malware Against Transformation Attacks},
 booktitle = {Proceedings of the 8th ACM SIGSAC Symposium on Information, Computer and Communications Security},
 series = {ASIA CCS '13},
 year = {2013},
 isbn = {978-1-4503-1767-2},
 location = {Hangzhou, China},
 pages = {329--334},
 numpages = {6},
 url = {http://doi.acm.org/10.1145/2484313.2484355},
 doi = {10.1145/2484313.2484355},
 acmid = {2484355},
 publisher = {ACM},
 address = {New York, NY, USA},
 keywords = {android, anti-malware, malware, mobile},
} 



@inproceedings{Liu:2014:TPA:2634434.2635084,
 author = {Liu, Xing and Liu, Jiqiang},
 title = {A Two-Layered Permission-Based Android Malware Detection Scheme},
 booktitle = {Proceedings of the 2014 2Nd IEEE International Conference on Mobile Cloud Computing, Services, and Engineering},
 series = {MOBILECLOUD '14},
 year = {2014},
 isbn = {978-1-4799-4425-5},
 pages = {142--148},
 numpages = {7},
 url = {http://dx.doi.org/10.1109/MobileCloud.2014.22},
 doi = {10.1109/MobileCloud.2014.22},
 acmid = {2635084},
 publisher = {IEEE Computer Society},
 address = {Washington, DC, USA},
 keywords = {Android permission, machine learning, malware detection},
} 


@INPROCEEDINGS{6799722, 
author={Ming-Yang Su and Wen-Chuan Chang}, 
booktitle={Information Networking (ICOIN), 2014 International Conference on}, 
title={Permission-based malware detection mechanisms for smart phones}, 
year={2014}, 
month={Feb}, 
pages={449-452},
doi={10.1109/ICOIN.2014.6799722},}

@inproceedings{xiaoyan2014android,
  title={Android malware detection based on permissions},
  author={Xiaoyan, Zhao and Juan, Fang and Xiujuan, Wang},
  booktitle={Information and Communications Technologies (ICT 2014), 2014 International Conference on},
  pages={1--5},
  year={2014},
  organization={IET}
}


@inproceedings{felt2011survey,
  title={A survey of mobile malware in the wild},
  author={Felt, Adrienne Porter and Finifter, Matthew and Chin, Erika and Hanna, Steve and Wagner, David},
  booktitle={Proceedings of the 1st ACM workshop on Security and privacy in smartphones and mobile devices},
  pages={3--14},
  year={2011},
  organization={ACM}
}


@ELECTRONIC{_badlepricon_2014,
  title = {{BadLepricon} malware caught stealth-mining bitcoin in {Android} apps},
  url = {http://www.theguardian.com/technology/2014/apr/25/badlepricon-malware-bitcoin-mining-android-apps},
  urldate = {2015-07-01},
  howpublished = {\url{http://www.theguardian.com/technology/2014/apr/25/badlepricon-malware-bitcoin-mining-android-apps}},
  month = apr,
  year = {2014}
}


@ELECTRONIC{naraine_ryan_remote-controlled_2012,
  title = {Remote-controlled {Android} malware stealing banking credentials},
  url = {http://www.zdnet.com/article/remote-controlled-android-malware-stealing-banking-credentials/},
  urldate = {2015-07-01},
  howpublished = {\url{http://www.zdnet.com/article/remote-controlled-android-malware-stealing-banking-credentials/}},
  author = {Naraine, Ryan},
  month = mar,
  year = {2012}
}


@ELECTRONIC{tynan_dan_report:_2015,
  title = {Report: 1 in 5 {Android} {Apps} {Is} {Malware}},
  url = {https://www.yahoo.com/tech/report-one-in-five-android-apps-is-malware-117202610899.html},
  howpublished = {\url{https://www.yahoo.com/tech/report-one-in-five-android-apps-is-malware-117202610899.html}},
  urldate = {2015-07-01},
  author = {Tynan, Dan},
  month = apr,
  year = {2015}
}


@ELECTRONIC{zorz_zeljka_aggressive_2014,
  title = {Aggressive {Selfmite} {SMS} worm variant goes global},
  url = {http://www.net-security.org/malware_news.php?id=2881},
  howpublished = {\url{http://www.net-security.org/malware_news.php?id=2881}},
  urldate = {2015-07-01},
  author = {Zorz, Zeljka},
  month = sep,
  year = {2014}
}

@inproceedings{canfora2013classifier,
  title={A classifier of malicious android applications},
  author={Canfora, Gerardo and Mercaldo, Francesco and Visaggio, Corrado Aaron},
  booktitle={Availability, Reliability and Security (ARES), 2013 Eighth International Conference on},
  pages={607--614},
  year={2013},
  organization={IEEE}
}

@article{thorsteinsson2014user,
  title={User attachment to smartphones and design guidelines},
  author={Thorsteinsson, Gisli and Page, Tom},
  journal={International Journal of Mobile Learning and Organisation},
  volume={8},
  number={3-4},
  pages={201--215},
  year={2014},
  publisher={Inderscience Publishers}
}

@article{achara2014wifileaks,
  title={WifiLeaks: Underestimated Privacy Implications of the ACCESS\_WIFI\_STATE Android Permission},
  author={Achara, Jagdish and Cunche, Mathieu and Roca, Vincent and Francillon, Aurelien},
  year={2014}
}

@inproceedings{arp2014drebin,
  title={Drebin: Effective and explainable detection of android malware in your pocket},
  author={Arp, Daniel and Spreitzenbarth, Michael and H{\"u}bner, Malte and Gascon, Hugo and Rieck, Konrad and Siemens, CERT},
  booktitle={Proceedings of the Annual Symposium on Network and Distributed System Security (NDSS)},
  year={2014}
}


@misc{apvrille2012android,
  title={Android Reverse Engineering Tools},
  author={Apvrille, Axelle},
  year={2012},
  publisher={InsomniHack}
}

@article{chawla2014transfiguring,
  title={Transfiguring of an Android App Using Reverse Engineering},
  author={Chawla, Taranjeet Kaur and Kajala, Aditi},
  year={2014}
}


@inproceedings{Blackshear:2015:DGA:2771284.2771288,
 author = {Blackshear, Sam and Gendreau, Alexandra and Chang, Bor-Yuh Evan},
 title = {Droidel: A General Approach to Android Framework Modeling},
 booktitle = {Proceedings of the 4th ACM SIGPLAN International Workshop on State Of the Art in Program Analysis},
 series = {SOAP 2015},
 year = {2015},
 isbn = {978-1-4503-3585-0},
 location = {Portland, OR, USA},
 pages = {19--25},
 numpages = {7},
 url = {http://doi.acm.org/10.1145/2771284.2771288},
 doi = {10.1145/2771284.2771288},
 acmid = {2771288},
 publisher = {ACM},
 address = {New York, NY, USA},
 keywords = {Android, framework modeling, reflection, soundness, static analysis},
}


@inproceedings{Ware:2008:SJC:1394504.1394506,
 author = {Ware, Michael S. and Fox, Christopher J.},
 title = {Securing Java Code: Heuristics and an Evaluation of Static Analysis Tools},
 booktitle = {Proceedings of the 2008 Workshop on Static Analysis},
 series = {SAW '08},
 year = {2008},
 isbn = {978-1-59593-924-1},
 location = {Tucson, Arizona},
 pages = {12--21},
 numpages = {10},
 url = {http://doi.acm.org.ezproxy.rit.edu/10.1145/1394504.1394506},
 doi = {10.1145/1394504.1394506},
 acmid = {1394506},
 publisher = {ACM},
 address = {New York, NY, USA},
 keywords = {design principles, secure code, static analysis, taxonomy},
} 


@article{song2015finding,
  title={Finding Tizen security bugs through whole-system static analysis},
  author={Song, Daniel and Zhao, Jisheng and Burke, Michael and Sb{\^\i}rlea, Drago{\c{s}} and Wallach, Dan and Sarkar, Vivek},
  journal={arXiv preprint arXiv:1504.05967},
  year={2015}
}

@inproceedings{johnson2013don,
  title={Why don't software developers use static analysis tools to find bugs?},
  author={Johnson, Bryant and Song, Yoonki and Murphy-Hill, Emerson and Bowdidge, Robert},
  booktitle={Software Engineering (ICSE), 2013 35th International Conference on},
  pages={672--681},
  year={2013},
  organization={IEEE}
}

@inproceedings{Li:2005:ETC:1095714.1095770,
 author = {Li, Xiaosong and Prasad, Christine},
 title = {Effectively Teaching Coding Standards in Programming},
 booktitle = {Proceedings of the 6th Conference on Information Technology Education},
 series = {SIGITE '05},
 year = {2005},
 isbn = {1-59593-252-6},
 location = {Newark, NJ, USA},
 pages = {239--244},
 numpages = {6},
 url = {http://doi.acm.org.ezproxy.rit.edu/10.1145/1095714.1095770},
 doi = {10.1145/1095714.1095770},
 acmid = {1095770},
 publisher = {ACM},
 address = {New York, NY, USA},
 keywords = {coding standards, teaching programming},
} 

@ELECTRONIC{LoveTrap_url1,
  author = {Lion Gu},
  title = {Love Trap Android Malware Found in Third-Party App Stores},
  howpublished = {http://blog.trendmicro.com/trendlabs-security-intelligence/love-trap-android-malware-found-in-third-party-app-stores/},
  url = {http://blog.trendmicro.com/trendlabs-security-intelligence/love-trap-android-malware-found-in-third-party-app-stores/},
  timestamp = {2014.08.09}
}


@article{reina2013system,
  title={A system call-centric analysis and stimulation technique to automatically reconstruct android malware behaviors},
  author={Reina, Alessandro and Fattori, Aristide and Cavallaro, Lorenzo},
  journal={EuroSec, April},
  year={2013}
}

@inproceedings{zhou2012dissecting,
  title={Dissecting android malware: Characterization and evolution},
  author={Zhou, Yajin and Jiang, Xuxian},
  booktitle={Security and Privacy (SP), 2012 IEEE Symposium on},
  pages={95--109},
  year={2012},
  organization={IEEE}
}

@inproceedings{li2006using,
  title={Using peer review to assess coding standards-a case study},
  author={Li, Xiaosong},
  booktitle={Frontiers in education conference, 36th annual},
  pages={9--14},
  year={2006},
  organization={IEEE}
}

@book{Pressman:2009:SEP:1593949,
 author = {Pressman, Roger},
 title = {Software Engineering: A Practitioner's Approach},
 year = {2010},
 isbn = {0073375977, 9780073375977},
 edition = {7},
 publisher = {McGraw-Hill, Inc.},
 address = {New York, NY, USA},
} 


@INPROCEEDINGS{6298136, 
author={Dong-Jie Wu and Ching-Hao Mao and Te-En Wei and Hahn-Ming Lee and Kuo-Ping Wu}, 
booktitle={Information Security (Asia JCIS), 2012 Seventh Asia Joint Conference on}, 
title={DroidMat: Android Malware Detection through Manifest and API Calls Tracing}, 
year={2012}, 
pages={62-69}, 
keywords={application program interfaces;invasive software;message passing;pattern clustering;API calls tracing;Androguard;Android malware analysis;Android malware detection;Black hat 2011;Droid Mat;DroidMat;SVD method;activity;application manifest file;clustering algorithms;component deployment;component permission;dynamic analysis;intent messages passing;k-means algorithm;kNN algorithm;recall rate;receiver;regards components;service;singular value decomposition method;static analyst paradigm;static feature-based mechanism;Androids;Clustering algorithms;Feature extraction;Humanoid robots;Malware;Smart phones;Android malware;Smartphone security;anomaly detection;feature-based;static analysis}, 
doi={10.1109/AsiaJCIS.2012.18}, 
month={Aug},}

@inproceedings{burguera2011crowdroid,
  title={Crowdroid: behavior-based malware detection system for android},
  author={Burguera, Iker and Zurutuza, Urko and Nadjm-Tehrani, Simin},
  booktitle={Proceedings of the 1st ACM workshop on Security and privacy in smartphones and mobile devices},
  pages={15--26},
  year={2011},
  organization={ACM}
}


@article{shabtai2012andromaly,
  title={"Andromaly": a behavioral malware detection framework for android devices},
  author={Shabtai, Asaf and Kanonov, Uri and Elovici, Yuval and Glezer, Chanan and Weiss, Yael},
  journal={Journal of Intelligent Information Systems},
  volume={38},
  number={1},
  pages={161--190},
  year={2012},
  publisher={Springer}
}

@article{talha2015apk,
  title={APK Auditor: Permission-based Android malware detection system},
  author={Talha, Kabakus Abdullah and Alper, Dogru Ibrahim and Aydin, Cetin},
  journal={Digital Investigation},
  volume={13},
  pages={1--14},
  year={2015},
  publisher={Elsevier}
}

@inproceedings{Kate:2015:TPS:2791405.2791558,
 author = {Kate, Priyadarshani M. and Dhavale, Sunita V.},
 title = {Two Phase Static Analysis Technique for Android Malware Detection},
 booktitle = {Proceedings of the Third International Symposium on Women in Computing and Informatics},
 series = {WCI '15},
 year = {2015},
 isbn = {978-1-4503-3361-0},
 location = {Kochi, India},
 pages = {650--655},
 numpages = {6},
 url = {http://doi.acm.org.ezproxy.rit.edu/10.1145/2791405.2791558},
 doi = {10.1145/2791405.2791558},
 acmid = {2791558},
 publisher = {ACM},
 address = {New York, NY, USA},
 keywords = {Android malware detection, Bloom Filter, Machine learning},
} 


@ELECTRONIC{Fortinet_url,
  author = {Tommy Armendariz},
  title = {Fortinet's FortiGuard Labs Reports 96.5\% of all Mobile Malware Tracked is Android Based, Symbian is Distant Second at 3.45%; iOS, BlackBerry, PalmOS, and Windows Together Represent Less Than 1%},
  howpublished = {\url{http://www.fortinet.com/press_releases/2014/fortiguard-quarterly-labs-reports.html}},
  url = {\url{http://www.fortinet.com/press_releases/2014/fortiguard-quarterly-labs-reports.html}},
  timestamp = {2014.08.09},
  urldate = {2014-02-24}
}


@ELECTRONIC{embeddedSecurity_url,
  author = {David and Mike Kleidermacher},
  title = {Using coding standards to improve software quality and security},
  howpublished = {\url{http://www.embedded.com/design/safety-and-security/4418986/Using-coding-standards-to-improve-software-quality-and-security}},
  url = {\url{http://www.embedded.com/design/safety-and-security/4418986/Using-coding-standards-to-improve-software-quality-and-security}},
  urldate = {2013-07-29}
}

@book{Kleidermacher:2012:ESS:2222505,
 author = {Kleidermacher, David and Kleidermacher, Mike},
 title = {Embedded Systems Security: Practical Methods for Safe and Secure Software and Systems Development},
 year = {2012},
 isbn = {0123868866, 9780123868862},
 edition = {1st},
 publisher = {Newnes},
 address = {Newton, MA, USA},
} 

@inproceedings{felt2011permission,
  title={Permission Re-Delegation: Attacks and Defenses.},
  author={Felt, Adrienne Porter and Wang, Helen J and Moshchuk, Alexander and Hanna, Steve and Chin, Erika},
  booktitle={USENIX Security Symposium},
  year={2011}
}

@inproceedings{Yang:2014:IDC:2590296.2590316,
 author = {Yang, Kun and Zhuge, Jianwei and Wang, Yongke and Zhou, Lujue and Duan, Haixin},
 title = {IntentFuzzer: Detecting Capability Leaks of Android Applications},
 booktitle = {Proceedings of the 9th ACM Symposium on Information, Computer and Communications Security},
 series = {ASIA CCS '14},
 year = {2014},
 isbn = {978-1-4503-2800-5},
 location = {Kyoto, Japan},
 pages = {531--536},
 numpages = {6},
 url = {http://doi.acm.org.ezproxy.rit.edu/10.1145/2590296.2590316},
 doi = {10.1145/2590296.2590316},
 acmid = {2590316},
 publisher = {ACM},
 address = {New York, NY, USA},
 keywords = {capability leak, intent fuzzing, smartphone security},
} 


@ELECTRONIC{Risley_url,
  author = {JAMES RISLEY},
  title = {Android will dominate smartphone market through at least 2019, despite slower growth, IDC predicts},
  howpublished = {http://www.geekwire.com/2015/android-will-dominate-smartphone-market-through-at-least-2019-despite-slower-growth-idc-predicts/},
  url = {http://www.geekwire.com/2015/android-will-dominate-smartphone-market-through-at-least-2019-despite-slower-growth-idc-predicts/},
  timestamp = {2015.08.25}
}


@inproceedings{Grace:2012:UEA:2185448.2185464,
 author = {Grace, Michael C. and Zhou, Wu and Jiang, Xuxian and Sadeghi, Ahmad-Reza},
 title = {Unsafe Exposure Analysis of Mobile In-app Advertisements},
 booktitle = {Proceedings of the Fifth ACM Conference on Security and Privacy in Wireless and Mobile Networks},
 series = {WISEC '12},
 year = {2012},
 isbn = {978-1-4503-1265-3},
 location = {Tucson, Arizona, USA},
 pages = {101--112},
 numpages = {12},
 url = {http://doi.acm.org/10.1145/2185448.2185464},
 doi = {10.1145/2185448.2185464},
 acmid = {2185464},
 publisher = {ACM},
 address = {New York, NY, USA},
 keywords = {in-app advertisement, privacy, smartphone},
} 

@INPROCEEDINGS{7371575, 
author={Gao, Xing and Liu, Dachuan and Wang, Haining and Sun, Kun}, 
booktitle={Reliable Distributed Systems (SRDS), 2015 IEEE 34th Symposium on}, 
title={PmDroid: Permission Supervision for Android Advertising}, 
year={2015}, 
pages={120-129}, 
keywords={Advertising;Androids;Humanoid robots;Libraries;Mobile communication;Servers;Smart phones;Ad Networks;Android;Permission;Privacy Protection}, 
doi={10.1109/SRDS.2015.41}, 
month={Sept},}


@ELECTRONIC{statistica_url,
  title = {Number of apps available in leading app stores as of November 2015},
  howpublished = {\url{http://www.statista.com/statistics/266210/number-of-available-applications-in-the-google-play-store/}},
  url = {\url{http://www.statista.com/statistics/266210/number-of-available-applications-in-the-google-play-store/}},
  timestamp = {2015.08.25}
}
