% This file was created with JabRef 2.7.2.
% Encoding: Cp1252

@INPROCEEDINGS{Almehmadi:2014:PIT:2659651.2659654,
  author = {Almehmadi, Abdulaziz and El-Khatib, Khalil},
  title = {On the Possibility of Insider Threat Detection Using Physiological
	Signal Monitoring},
  booktitle = {Proceedings of the 7th International Conference on Security of Information
	and Networks},
  year = {2014},
  series = {SIN '14},
  pages = {223--223},
  address = {New York, NY, USA},
  publisher = {ACM},
  acmid = {2659654},
  articleno = {223},
  doi = {10.1145/2659651.2659654},
  isbn = {978-1-4503-3033-6},
  keywords = {Access Control, Continuous Monitoring, ECG, GSR, Insider Threat, Physiological
	Signals, Skin Temperature},
  location = {Glasgow, Scotland, UK},
  numpages = {8},
  url = {http://doi.acm.org/10.1145/2659651.2659654}
}

@ELECTRONIC{Brancik_url,
  author = {K. Brancik},
  year = {2008},
  title = {Insider Computer Fraud – An In-Depth Framework for Detecting and Defending Against Insider IT Attacks},
  publisher = {Auerbach Publications },
  organization = {Taylor and Francis Group LLC},
  timestamp = {2015.04.01}
}




@CONFERENCE{capp_bibtex,
  author = {Dawn M. Cappelli, Andrew P. Moore, Randall F. Trzeciak},
  title = {The CERT Guide to Insider Threats: How to Prevent, Detect, and Respond
	to Information Technology Crime},
  booktitle = {The CERT Guide to Insider Threats: How to Prevent, Detect, and Respond
	to Information Technology Crime},
  year = {2012},
  owner = {dkrutz},
  timestamp = {2014.11.21}
}

@INPROCEEDINGS{5137280,
  author = {Doss, G. and Tejay, G.},
  title = {Developing insider attack detection model: A grounded approach},
  booktitle = {Intelligence and Security Informatics, 2009. ISI '09. IEEE International
	Conference on},
  year = {2009},
  pages = {107-112},
  month = {June},
  doi = {10.1109/ISI.2009.5137280},
  keywords = {security of data;IS security analyst;information system security process;insider
	attack detection model;Computer security;Data security;Humans;Information
	analysis;Information security;Information systems;Intrusion detection;Performance
	analysis;Protection;Telecommunication traffic;Insider threat;information
	security;intrusion detection;threat analysis}
}

@ARTICLE{Guo:2009:GPS:1516546.1516579,
  author = {Guo, Jiang},
  title = {Group projects in software engineering education},
  journal = {J. Comput. Sci. Coll.},
  year = {2009},
  volume = {24},
  pages = {196--202},
  number = {4},
  month = apr,
  acmid = {1516579},
  address = {USA},
  issn = {1937-4771},
  issue_date = {April 2009},
  numpages = {7},
  publisher = {Consortium for Computing Sciences in Colleges},
  url = {http://dl.acm.org/citation.cfm?id=1516546.1516579}
}

@INPROCEEDINGS{6685085,
  author = {Krutz, D.E. and Vallino, J.R.},
  title = {Experiencing disruptive behavior in a team using Moles },
  booktitle = {Frontiers in Education Conference, 2013 IEEE},
  year = {2013},
  pages = {1492-1495},
  month = {Oct},
  doi = {10.1109/FIE.2013.6685085},
  issn = {0190-5848},
  keywords = {computer science education;educational aids;educational courses;software
	engineering;team working;coursework;disruptive behavior;freshman
	seminar course;mole activity;problematic team members;software engineering;student
	education;team activity;team based environment;team problems;Education;Employment;Seminars;Software;Software
	engineering;Teamwork;Teamwork;group activity;group project;software
	engineering;team dynamics}
}

@ELECTRONIC{Leyden_URL,
  author = {] J. Leyden},
  title = {Geeks, squatters and saboteurs threaten corporate security},
  howpublished = {\url{http://www.theregister.co.uk/2005/12/15/mcafee_internal_security_survey/}},
  timestamp = {2015.04.01}
}


@inproceedings{MeneelyICSESEE2013,
 author = {Meneely, Andrew and Lucidi, Samuel},
 title = {Vulnerability of the Day: Concrete Demonstrations for Software Engineering Undergraduates},
 booktitle = {Proceedings of the 2013 International Conference on Software Engineering},
 series = {ICSE '13},
 year = {2013},
 isbn = {978-1-4673-3076-3},
 location = {San Francisco, CA, USA},
 pages = {1154--1157},
 numpages = {4},
 url = {http://dl.acm.org/citation.cfm?id=2486788.2486948},
 acmid = {2486948},
 publisher = {IEEE Press},
 address = {Piscataway, NJ, USA},
}

@ARTICLE{Nostro:2014:ITA:2694737.2694740,
  author = {Nostro, Nicola and Ceccarelli, Andrea and Bondavalli, Andrea and
	Brancati, Francesco},
  title = {Insider Threat Assessment: A Model-Based Methodology},
  journal = {SIGOPS Oper. Syst. Rev.},
  year = {2014},
  volume = {48},
  pages = {3--12},
  number = {2},
  month = dec,
  acmid = {2694740},
  address = {New York, NY, USA},
  doi = {10.1145/2694737.2694740},
  issn = {0163-5980},
  issue_date = {July 2014},
  keywords = {attack path, insider threats, risk assessment, security},
  numpages = {10},
  publisher = {ACM},
  url = {http://doi.acm.org.ezproxy.rit.edu/10.1145/2694737.2694740}
}

@ELECTRONIC{apple_bruteforce_url,
  author = {Sam Oliver},
  month = {September},
  year = {2014},
  title = {AppleInsider},
  howpublished = {\url{http://appleinsider.com/articles/14/09/25/researcher-accuses-apple-of-ignoring-icloud-brute-force-attack-for-6-months},
  timestamp = {2014.11.20}
}

@ARTICLE{Petkovic:2006:TPS:1140123.1140202,
  author = {Petkovic, Dragutin and Thompson, Gary and Todtenhoefer, Rainer},
  title = {Teaching practical software engineering and global software engineering:
	evaluation and comparison},
  journal = {SIGCSE Bull.},
  year = {2006},
  volume = {38},
  pages = {294--298},
  number = {3},
  month = jun,
  acmid = {1140202},
  address = {New York, NY, USA},
  doi = {10.1145/1140123.1140202},
  issn = {0097-8418},
  issue_date = {September 2006},
  keywords = {global software engineering, software engineering, software engineering
	education},
  numpages = {5},
  publisher = {ACM},
  url = {http://doi.acm.org/10.1145/1140123.1140202}
}

@ELECTRONIC{Insiderthreat_protection_url,
  author = {Paul Rubens},
  year = {2010},
  title = {Ten Ways to Protect Your Network From Insider Threats},
  howpublished = {\url{http://www.enterprisenetworkingplanet.com/netsecur/article.php/10952_3882886_2/Ten-Ways-to-Protect-Your-Network-From-Insider-Threats.htm}}  ,
  url = {http://www.enterprisenetworkingplanet.com/netsecur/article.php/10952_3882886_2/Ten-Ways-to-Protect-Your-Network-From-Insider-Threats.htm},
  owner = {dkrutz},
  timestamp = {2015.04.01}
}

@ARTICLE{saltzer1975protection,
  author = {Saltzer, Jerome H and Schroeder, Michael D},
  title = {The protection of information in computer systems},
  journal = {Proceedings of the IEEE},
  year = {1975},
  volume = {63},
  pages = {1278--1308},
  number = {9},
  publisher = {IEEE}
}

@INPROCEEDINGS{Senator:2013:DIT:2487575.2488213,
  author = {Senator, Ted E. and Goldberg, Henry G. and Memory, Alex and Young,
	William T. and Rees, Brad and Pierce, Robert and Huang, Daniel and
	Reardon, Matthew and Bader, David A. and Chow, Edmond and Essa, Irfan
	and Jones, Joshua and Bettadapura, Vinay and Chau, Duen Horng and
	Green, Oded and Kaya, Oguz and Zakrzewska, Anita and Briscoe, Erica
	and Mappus, Rudolph IV L. and McColl, Robert and Weiss, Lora and
	Dietterich, Thomas G. and Fern, Alan and Wong, Weng--Keen and Das,
	Shubhomoy and Emmott, Andrew and Irvine, Jed and Lee, Jay-Yoon and
	Koutra, Danai and Faloutsos, Christos and Corkill, Daniel and Friedland,
	Lisa and Gentzel, Amanda and Jensen, David},
  title = {Detecting Insider Threats in a Real Corporate Database of Computer
	Usage Activity},
  booktitle = {Proceedings of the 19th ACM SIGKDD International Conference on Knowledge
	Discovery and Data Mining},
  year = {2013},
  series = {KDD '13},
  pages = {1393--1401},
  address = {New York, NY, USA},
  publisher = {ACM},
  acmid = {2488213},
  doi = {10.1145/2487575.2488213},
  isbn = {978-1-4503-2174-7},
  keywords = {anomaly detection, insider threat},
  location = {Chicago, Illinois, USA},
  numpages = {9},
  url = {http://doi.acm.org/10.1145/2487575.2488213}
}

@book{19897,
  title={7 Principles for Good Practice in Undergraduate Education},
  url={http://books.google.com/books?id=Lj4NDIUV-Y8C},
  year={1989}
}


@inproceedings{Schweitzer:2007:IVA:1227310.1227384,
 author = {Schweitzer, Dino and Brown, Wayne},
 title = {Interactive Visualization for the Active Learning Classroom},
 booktitle = {Proceedings of the 38th SIGCSE Technical Symposium on Computer Science Education},
 series = {SIGCSE '07},
 year = {2007},
 isbn = {1-59593-361-1},
 location = {Covington, Kentucky, USA},
 pages = {208--212},
 numpages = {5},
 url = {http://doi.acm.org/10.1145/1227310.1227384},
 doi = {10.1145/1227310.1227384},
 acmid = {1227384},
 publisher = {ACM},
 address = {New York, NY, USA},
 keywords = {active learning, collaborative learning, visualization},
} 


@article{Bailey:2005:JTC:1047124.1047469,
 author = {Bailey, Tammy and Forbes, Jeffrey},
 title = {Just-in-time Teaching for CS0},
 journal = {SIGCSE Bull.},
 issue_date = {2005},
 volume = {37},
 number = {1},
 month = feb,
 year = {2005},
 issn = {0097-8418},
 pages = {366--370},
 numpages = {5},
 url = {http://doi.acm.org/10.1145/1047124.1047469},
 doi = {10.1145/1047124.1047469},
 acmid = {1047469},
 publisher = {ACM},
 address = {New York, NY, USA},
 keywords = {CS0, JiTT, active learning, non-majors, pedagogy},
} 

@book{bonwell1991active,
  title={Active Learning: Creating Excitement in the Classroom},
  author={Bonwell, C.C. and Eison, J.A.},
  isbn={9781878380081},
  issn={0884-0040},
  url={http://books.google.com/books?id=pPtSdI1nfXQC},
  year={1991},
  publisher={Wiley}
}


@book{sutherland1996using,
  title={Using Active Learning in College Classes: A Range of Options for Faculty: New Directions for Teaching and Learning, Number 67},
  author={Sutherland, T. and Bonwell, C.C.},
  isbn={9780787999339},
  series={J-B TL Single Issue Teaching and Learning},
  url={http://books.google.com/books?id=Hyx8MAEACAAJ},
  year={1996},
  publisher={Wiley}
}
